2754 4156
577 284 762 340 CHAPTER
787 284 869 339 XVI.
1258 287 1298 352 91

200 462 348 539 magister
363 463 503 540 equitum
524 463 556 523 C.
577 462 729 521 Servilius
751 463 853 520 Ahala
876 462 926 539 Sp.
946 462 1097 521 Maelium
1118 472 1250 538 regnum

200 567 400 645 adpetentem
429 572 613 645 occupatum
649 567 817 625 interemit.
875 557 904 624 Ᾰ
932 567 1009 625 villa
1038 567 1070 624 in
1106 574 1249 627 senatum

200 673 413 732 arcessebatur
441 678 473 732 et
501 673 614 732 Curius
643 679 673 730 et
702 677 796 730 ceteri
825 682 922 746 senes,
951 691 989 730 ex
1016 679 1085 748 que,
1115 682 1170 748 qui
1197 681 1248 731 ees

201 778 406 851 arcessebant,
432 777 567 837 viatores
593 777 747 836 neminati
772 783 853 836 sunt.
906 777 994 834 Num
1018 777 1115 852 igitur
1139 777 1249 836 herum

108 939 112 946 ,
201 888 343 941 senentes
359 882 547 941 miserabilis
565 882 636 955 fuit,
652 892 707 958 qui
728 892 760 940 se
782 891 848 957 agri
868 881 1004 940 cultiene
1025 882 1248 940 oblectabant?
1287 900 1300 937 5

131 991 134 998 '
202 987 274 1044 Mea
298 986 423 1063 quidem
449 986 605 1046 sententie
628 985 713 1044 haud
738 986 802 1045 scie
824 1006 864 1045 an
889 985 978 1045 nirlla
1000 985 1121 1045 beatior
1149 987 1249 1063 possit

201 1109 278 1160 esse,
299 1109 400 1168 neque
426 1091 526 1150 selum
551 1090 659 1165 officie,
683 1092 767 1167 quod
791 1091 950 1150 hominum
975 1101 1080 1165 generi
1103 1090 1249 1150 universe

201 1195 325 1255 cultura
352 1205 496 1272 agrorum
521 1202 569 1255 est
596 1195 751 1269 salutaris,
778 1197 833 1255 sed
858 1202 889 1254 et
914 1195 1128 1270 delectatiene,
1154 1215 1249 1273 quam

202 1300 276 1375 dixi,
292 1306 324 1360 et
339 1301 504 1361 saturitate
523 1301 673 1378 cepiaque
694 1309 795 1360 rerum
819 1300 966 1372 omnium,
983 1318 1061 1376 quae
1077 1302 1116 1359 ad
1131 1308 1248 1360 victum

201 1405 372 1480 hominum,
387 1407 428 1466 ad
449 1405 566 1465 eultum
590 1407 686 1465 etiam
707 1407 835 1471 dearum
856 1404 1024 1483 pertinent,
1042 1411 1087 1479 ut,
1102 1407 1249 1483 quoniam
1277 1426 1299 1463 10

202 1510 277 1570 haec
306 1511 431 1588 quidam
460 1511 648 1586 desiderant,
677 1511 711 1569 in
739 1511 872 1586 gratiam
900 1511 963 1569 iam
990 1529 1059 1569 cum
1088 1510 1250 1589 voluptate

203 1617 372 1676 redeamus.
426 1617 554 1694 Semper
578 1617 660 1674 enim
689 1617 762 1676 boni
786 1616 965 1694 assiduique
992 1616 1110 1675 domiui
1133 1618 1250 1676 referta

202 1721 281 1782 cella
302 1722 431 1797 vinaria,
446 1722 570 1795 olearia,
587 1722 681 1781 etiam
702 1721 831 1799 penaria
852 1727 908 1797 est,
925 1724 1061 1800 villaque
1083 1728 1150 1781 teta
1170 1723 1250 1782 locu·
1297 1760 1308 1806 ,-

203 1827 268 1904 ples
290 1833 348 1901 est,
368 1827 507 1886 abundat
528 1835 628 1904 poree,
651 1827 758 1901 haede,
781 1835 869 1903 agne,
892 1827 1017 1904 gallina,
1039 1829 1129 1901 laete,
1152 1837 1249 1901 casse,

203 1931 303 1991 melle.
347 1933 414 1991 lam
428 1933 555 1991 hortum
570 1932 632 2008 ipsi
647 1931 800 2006 agricolae
815 1933 984 1992 succidiam
999 1934 1129 1993 alteram
1149 1933 1251 2011 appel·
1277 1958 1301 1996 15

110 2070 166 2154 i&
202 2036 297 2095 lanta
334 2036 516 2098 Conditiera
542 2037 621 2095 facit
649 2037 724 2095 haec
753 2047 989 2114 supervacaneis
1021 2039 1116 2097 etiam
1147 2049 1250 2116 operis

152 2144 186 2196 57
202 2142 368 2219 aucupium
386 2147 480 2218 atque
497 2142 629 2200 venetie.
673 2141 755 2212 Quid
776 2141 814 2200 de
835 2148 995 2219 praterum
1014 2143 1174 2204 viriditate
1196 2152 1251 2204 ant

86 2228 89 2232 Δ
202 2247 345 2306 arborum
361 2246 523 2306 ordinibus
540 2252 595 2305 aut
608 2256 769 2305 vinearum
791 2246 1014 2307 olivetorumve
1037 2248 1138 2325 specie
1161 2250 1251 2326 plura

203 2351 330 2411 dicam?
378 2352 474 2411 Brevi
498 2352 691 2429 praecidam:
721 2353 806 2428 Agre
830 2353 908 2410 bene
932 2353 1016 2412 culte
1040 2353 1120 2412 nihil
1147 2361 1251 2431 potest

202 2475 271 2516 esse
289 2475 346 2516 nec
362 2467 422 2516 risu
443 2457 568 2517 uberius
590 2476 647 2516 nec
669 2457 770 2534 specie
792 2457 950 2532 ernatius3
973 2459 1012 2517 ad
1033 2477 1126 2535 quem
1147 2461 1251 2519 fruen-
1277 2485 1301 2523 ρο

203 2563 277 2620 dum
301 2570 361 2620 nen
388 2563 478 2621 modo
505 2571 567 2620 nen
589 2561 736 2635 retardat,
763 2572 871 2620 verum
899 2563 995 2622 etiarn
1017 2563 1131 2624 invitat
1156 2571 1249 2643 atque

202 2667 338 2726 adlectat
353 2672 504 2727 senectus.
550 2666 614 2726 Ubi
629 2666 713 2725 enirn
728 2673 832 2744 potest
846 2665 903 2726 illa
921 2674 1007 2728 aetas
1024 2675 1079 2728 aut
1098 2670 1249 2729 calescere

202 2773 251 2831 vel
267 2773 455 2849 apricatiene
472 2771 583 2831 melius
599 2772 649 2831 vel
668 2782 734 2848 igni
751 2777 806 2831 aut
821 2772 960 2832 vicissim
981 2774 1099 2833 umbris
1122 2787 1248 2852 aquisve

152 2882 187 2932 58
200 2878 381 2952 refrigerari
395 2877 574 2936 salubrius?
617 2877 685 2936 Sibi
698 2877 835 2937 habeant
849 2877 945 2954 igitur
960 2895 1054 2953 arma,
1070 2880 1129 2939 sibi
1144 2891 1247 2958 equos

201 2982 260 3042 sibi
276 2982 392 3056 hastas,
408 2982 467 3041 sibi
483 2983 600 3042 clavam
621 2989 653 3042 et
671 2982 775 3059 pilam,
792 2983 852 3042 sibi
873 2983 1048 3044 natatienes
1069 2991 1163 3063 atque
1185 3006 1250 3046 cur·
1276 3011 1301 3048 ⁴25

201 3097 263 3160 sim,
278 3088 365 3146 nebis
386 3087 512 3146 senibus
532 3107 571 3146 ex
588 3087 762 3146 lusionibus
784 3087 892 3146 multis
914 3088 995 3148 tales
1016 3089 1197 3167 relinquant
1218 3099 1249 3151 et

184 3272 235 3333 Sp.
256 3273 408 3321 Maelium.
455 3271 500 3332 Sp.
521 3271 635 3321 Maelius
651 3285 707 3320 was
743 3271 838 3321 hatred
847 3271 876 3321 of
884 3272 931 3321 the
940 3271 1028 3335 ruling
1036 3273 1113 3323 class
1137 3275 1193 3326 The
1202 3277 1299 3342 charge

149 3361 165 3395 a
179 3347 293 3409 wealthy
305 3347 436 3408 plebeiae.
472 3348 522 3396 His
534 3348 632 3396 offense
645 3361 707 3396 con·
743 3347 771 3396 ol
788 3347 888 3410 aiming
905 3355 933 3396 at
944 3349 1016 3410 regal
1030 3363 1120 3411 power
1133 3366 1188 3401 was
1200 3353 1299 3417 simply

148 3423 233 3471 sisted
243 3423 271 3470 in
280 3423 383 3485 buying
393 3437 430 3484 up
439 3437 502 3472 corn
512 3424 540 3471 in
548 3423 666 3484 Etruria,
678 3424 706 3471 in
743 3438 759 3472 a
768 3428 873 3485 pretext
882 3437 917 3471 on
929 3424 973 3472 the
982 3430 1043 3485 part
1052 3425 1081 3473 of
1090 3427 1134 3475 the
1144 3430 1297 3488 patricrans

148 3513 165 3547 a
176 3512 271 3547 season
281 3498 309 3546 of
320 3506 395 3561 great
402 3499 516 3560 soarcity
526 3499 579 3548 and
592 3499 706 3561 drought
742 3499 817 3561 They
829 3512 899 3547 were
911 3513 994 3562 angry
1008 3504 1036 3548 at
1052 3501 1096 3549 the
1109 3502 1245 3563 plebeians
1257 3506 1300 3555 ior

151 3574 214 3637 (440
235 3576 309 3637 Μ),
334 3574 389 3622 and
408 3574 581 3636 distributing
601 3576 622 3622 it
642 3581 706 3624 ata
742 3575 812 3623 their
832 3576 980 3637 aggressive
1003 3588 1097 3625 course
1122 3579 1149 3626 in
1173 3583 1300 3645 rvresting

147 3649 226 3699 small
234 3650 313 3712 price,
324 3665 354 3698 or
361 3651 705 3713 gratuitously,amongthe
742 3650 867 3712 enlarged
881 3650 999 3711 politica]
1011 3651 1151 3714 privileges
1166 3654 1237 3705 from
1254 3658 1299 3707 the

116 3765 124 3778 .
148 3739 221 3788 poor.
255 3726 320 3775 This
329 3728 418 3776 action
428 3727 545 3786 exposed
557 3727 614 3774 him
621 3731 650 3775 to
659 3727 705 3775 the
741 3726 881 3788 unwilling
891 3725 978 3775 hands
990 3727 1018 3775 oi
1028 3728 1074 3776 the
1087 3728 1176 3793 ruliug
1187 3730 1261 3782 class
