2782 4162
119 279 159 344 96
394 271 497 338 6666
522 271 728 338 66166666
754 263 993 338 6666666166.

118 461 153 512 st
209 455 255 516 At
279 463 352 517 sunt
377 466 491 518 morosi
515 464 548 518 ct
572 458 659 518 anxii
684 463 716 518 et
740 459 881 518 iracundi
901 463 934 519 et
955 457 1096 519 difficiles
1120 468 1218 519 senes.

170 559 205 619 Si
219 561 406 638 quaerimus,
422 563 633 640 6116666661,
657 565 710 623 sed
730 564 806 623 haec
826 573 945 623 morum
960 563 1039 623 vitia
1061 570 1143 638 sunt,
1158 571 1221 622 non

171 667 349 726 senectritis.
400 667 446 726 Ac
474 668 637 728 morositas
667 675 772 728 tamen
800 674 832 729 et
860 687 896 728 66
924 668 1011 744 vitia,
1036 687 1116 746 quae
1145 669 1220 743 dixi,

171 771 288 830 habent
308 772 429 851 aliquid
454 773 663 834 excisaticnis
689 782 750 832 666
775 774 860 834 illius
886 774 1012 852 quidem
1035 773 1144 849 iirstae,
1166 773 1222 833 sed

171 896 250 954 qnae
272 878 396 954 probari
419 897 509 956 posse
532 879 691 953 61666166,
717 887 874 939 contemni
896 889 928 940 66
948 885 1070 957 putent,
1092 877 1221 958 despici,
1261 895 1275 934 6

172 982 288 1057 1616611,
318 989 479 1060 praeterea
503 984 537 1043 in
564 983 671 1059 fragili
692 1002 820 1062 corpore
841 984 948 1043 6611666
968 984 1068 1043 omnis
1091 983 1223 1043 offensio

172 1093 228 1146 est.
271 1088 354 1158 Quae
380 1094 486 1148 tamen
509 1089 614 1148 omnia
639 1089 779 1149 dulciora
802 1073 889 1149 fiunt
913 1095 945 1149 et
969 1089 1106 1149 moribus
1131 1089 1222 1149 bonis

173 1197 205 1251 et
219 1193 347 1268 artibus,
363 1193 456 1270 idque
471 1211 541 1253 cum
556 1194 589 1253 in
605 1199 677 1270 vitai,
694 1200 761 1253 tum
779 1195 812 1253 in
831 1203 944 1254 666666
959 1193 1101 1271 intellegi
1119 1199 1223 1271 potest

173 1298 459 1374 666161661611666,
482 1307 536 1377 qui
559 1299 592 1358 in
613 1299 766 1377 Adelphis
793 1307 875 1359 sunt.
919 1300 1042 1370 Quanta
1066 1299 1100 1358 in
1124 1299 1223 1359 altero

173 1402 292 1476 61661166,
308 1403 343 1462 16
361 1403 460 1463 altero
481 1400 627 1463 comitas!
671 1404 721 1463 Sic
744 1413 777 1463 66
798 1413 846 1463 666
868 1404 977 1465 habet:
999 1409 1036 1464 ut
1058 1404 1141 1463 enim
1162 1412 1225 1463 non
1250 1419 1274 1460 ro

174 1525 264 1567 omne
291 1518 408 1583 vinum,
438 1517 483 1568 sio
510 1517 573 1568 non
600 1508 701 1568 omnis
730 1514 843 1568 661666
869 1514 1028 1569 vetustate
1062 1508 1222 1568 coacescit.

175 1612 380 1672 Severitatem
402 1613 435 1672 in
457 1618 618 1673 senectirte
639 1614 744 1691 probo,
767 1613 919 1688 sedeam,
943 1618 1023 1673 sicut
1044 1613 1114 1688 6116,
1129 1597 1224 1674 modi-

124 1731 159 1782 66
174 1735 250 1791 6666,
273 1719 474 1777 acerbitatem
495 1718 581 1776 millo
606 1719 705 1777 modo,
749 1717 894 1778 Avaritia
915 1726 988 1777 vero
1012 1717 1120 1778 senilis
1149 1717 1224 1796 quid

175 1823 235 1883 sibi
263 1823 437 1898 velitsnon
461 1823 626 1899 intelleg63
653 1829 758 1900 potest
783 1823 865 1883 enim
892 1819 1059 1902 quicquam
1083 1841 1151 1884 6666
1176 1824 1225 1882 ab

175 1929 299 1988 surdius
335 1946 436 2006 quam,
466 1936 528 2007 quo
561 1928 630 1987 viae
664 1928 767 1988 minus
802 1933 909 2003 restet,
940 1935 975 1992 eb
1010 1927 1081 2006 plirs
1117 1927 1226 1986 viatici
1251 1944 1277 1986 66

176 2035 348 2110 quaerere?

653 2215 743 2275 XIX.

215 2345 333 2416 Quarta
346 2348 445 2405 restat
459 2363 561 2420 66666,
577 2363 656 2423 quae
672 2345 805 2406 maxime
819 2365 932 2422 angere
947 2352 1040 2425 atque
1057 2345 1226 2408 sollicitam

175 2451 288 2510 habere
316 2455 454 2508 nostram
483 2455 618 2510 aetatem
647 2450 781 2525 61616166,
811 2451 1074 2530 adpropinquatio
1106 2449 1225 2527 mortis,

176 2573 255 2634 quae
276 2560 359 2615 certe
381 2564 400 2614 6
421 2560 580 2616 senectrite
603 2564 664 2614 non
685 2560 790 2631 potest
808 2574 875 2615 esse
893 2556 992 2633 longe.
1036 2545 1226 2618 (1661666666

176 2679 289 2735 senem,
305 2669 360 2738 qui
380 2667 512 2719 mortem
531 2660 789 2720 contemnendam
805 2679 873 2721 esse
888 2661 921 2720 in
935 2666 1001 2721 tam
1014 2661 1109 2738 longa
1122 2666 1226 2722 aetate
1251 2677 1278 2719 66

175 2775 238 2825 non
263 2765 396 2825 videritl
429 2783 509 2842 quae
537 2771 592 2825 aut
621 2765 714 2843 plene
742 2765 936 2842 neglegenda
963 2771 1020 2842 est,
1046 2776 1074 2826 si
1100 2774 1227 2826 omnino

159 2952 314 3014 Adelphis.
352 2952 475 3014 Adelpbi.
513 2954 569 3003 'l'he
583 2955 681 3004 Broth·
718 2953 853 3016 toMicio;
870 2954 1056 3017 6161661611.
1070 2953 1278 3013 cosdresnam

125 3041 175 3087 ers,
195 3041 245 3076 one
263 3027 291 3075 61
309 3027 353 3076 the
371 3028 505 3079 comedles
521 3030 550 3079 61
565 3031 682 3080 Terence
718 3043 819 3091 scrnper
842 3033 895 3094 coit
918 3033 1000 3081 citam
1023 3033 1053 3080 16
1077 3031 1139 3091 otio,
1165 3031 1195 3080 in
1217 3043 1279 3080 con-

128 3103 255 3169 (195-159
268 3105 344 3164 66),
355 3103 401 3152 the
413 3118 552 3155 successor
564 3105 592 3155 61
604 3106 682 3156 Ρ166-
717 3107 812 3156 viciis:
830 3109 950 3167 clemens,
961 3107 1093 3169 placidus.

124 3179 682 3244 166,66616666661)66611166861616ῃί6
751 3183 963 3241 6166616666.
1000 3182 1075 3231 With
1093 3180 1148 3231 this
1163 3194 1279 3245 passage

125 3254 211 3305 616616.
260 3255 309 3304 Η16
332 3255 374 3304 six
400 3257 534 3306 comedies
559 3271 604 3307 666
628 3257 682 3308 still
718 3256 752 3306 61.
767 3257 827 3306 Ter.
842 3258 954 3320 Adelph.
969 3256 996 3306 11.
1012 3257 1152 3307 831-42-

125 3336 227 3381 extant.
960 3332 982 3384 0
994 3340 1087 3383 noster
1098 3334 1209 3394 Demea,

159 3409 274 3459 dirites.
312 3413 326 3436 ‘⁶
336 3408 488 3458 Harshness
496 3411 510 3434 ”
523 3426 528 3470 ;
553 3409 684 3472 referring
719 3407 753 3458 ad
765 3409 856 3458 omnia
868 3408 920 3458 6116
932 3414 1020 3459 aetate
1032 3409 1151 3471 sapimus
1164 3409 1277 3469 rectius;

125 3489 154 3532 to
174 3484 292 3545 Demes3
323 3485 356 3534 61.
376 3485 488 3546 Adelph.
511 3483 529 3533 1.
549 3484 607 3545 866,
626 3487 686 3549 Eoo
719 3483 807 3534 solum
819 3499 903 3534 unum
916 3484 966 3534 boc
978 3484 1074 3534 vitium
1087 3484 1177 3535 adfert
1187 3497 1280 3534 senec-

126 3561 171 3609 r'lle
192 3561 312 3622 corcella,
334 3574 433 3620 soecos,
459 3562 551 3621 1616616,
571 3575 680 3623 porcus,
752 3568 797 3610 tus
809 3561 977 3611 hominibus:
1208 3572 1212 3579 “

124 3638 298 3695 truculentus,
313 3641 397 3686 16666.
719 3636 882 3686 adtentiores
908 3651 1002 3698 sumus
1028 3636 1063 3686 ad
1089 3649 1147 3686 rem
1172 3648 1276 3698 omnes,

159 3713 297 3762 comitas.
336 3717 353 3741 “
362 3711 497 3761 Kindness
505 3713 523 3739 ’⁹
534 3729 540 3774 ;
553 3711 684 3775 referring
753 3727 833 3775 quam
845 3718 888 3763 sat
900 3719 947 3762 est.
