2754 4156
576 277 761 335 cuxrrnu
784 278 896 336 xvur.
1268 286 1309 350 95

210 474 282 533 pere
298 462 438 533 possunt,
455 456 511 515 sed
525 456 656 541 honeste
675 462 746 516 acta
767 456 909 534 superior
923 463 1008 518 aetas
1030 458 1152 519 fractas
1175 459 1260 538 capit

160 566 195 616 63
209 560 405 619 auctoritatis
432 560 619 630 extremos,l
632 562 726 621 'Haec
751 561 835 620 enim
860 562 930 639 ipsa
956 569 1031 623 sunt
1055 564 1257 640 honorabilia,

108 629 162 763 »ζ
210 685 289 743 quae
323 665 470 724 videntur
505 666 587 724 levia
622 672 717 744 atque
752 668 936 741 commonia,
973 668 1111 744 salutari,
1143 671 1256 748 adpeti,

209 770 323 844 decedi,
347 771 480 846 adsurgi,
503 770 622 846 dodoci,
645 772 759 846 raddei,
783 772 904 831 consuli
912 795 919 847 ;
943 792 1021 850 quae
1043 779 1076 832 et
1096 776 1180 851 apud
1201 784 1258 836 nos

209 881 241 934 et
261 875 294 932 in
316 875 386 934 aliis
407 875 599 950 civitatibuS‚
621 881 657 935 ut
679 895 819 954 quaeque
843 877 961 954 optime
985 885 1105 938 morata
1133 885 1189 954 est,
1212 881 1258 940 ita
1296 899 1308 937 a

209 979 448 1056 diligentissime
476 981 689 1040 observantur.
743 983 940 1059 Lysandrum
969 984 1256 1061 Lacedaemonium,

208 1085 296 1145 caius
316 1087 408 1145 modo
428 1086 490 1145 ieci
511 1085 708 1160 mentionem,
726 1087 827 1146 dicere
849 1088 937 1147 aiunt
960 1088 1087 1148 solitum
1109 1090 1258 1150 Lacedae-

207 1210 329 1250 monem
364 1210 431 1250 esse
460 1191 716 1250 honestissimum
745 1192 937 1278 domicilium
966 1195 1152 1270 senectatis3
1188 1216 1257 1256 nus-

208 1315 300 1374 quam
322 1296 403 1355 enim
425 1301 549 1355 tantum
571 1296 722 1355 tribuitur
743 1303 847 1371 aetati,
868 1317 1021 1375 nusquam
1044 1305 1092 1358 est
1115 1307 1256 1361 senecias

207 1401 394 1460 honoratior.
438 1401 517 1471 Quin
534 1401 630 1459 etiam
646 1401 811 1461 memoriae
826 1402 984 1479 proditum
999 1409 1055 1478 est,
1071 1424 1142 1463 cum
1163 1405 1258 1465 Athe·
1284 1421 1307 1460 ro

206 1516 256 1566 nis
271 1506 353 1565 hidis
371 1507 498 1584 quidam
515 1506 548 1564 iu
565 1506 723 1566 theatrum
745 1507 871 1582 grandis
893 1514 970 1566 nata
985 1509 1130 1583 venisset,
1147 1520 1257 1587 magno

206 1598 352 1671 conscissa
380 1611 484 1670 locum
511 1631 665 1688 nusquam
693 1621 723 1670 ei
751 1613 858 1672 datum
883 1622 903 1671 a
927 1622 991 1671 suis
1020 1615 1156 1689 civibus,
1186 1636 1256 1676 cum

206 1721 312 1775 autem
326 1717 365 1776 ad
380 1716 640 1775 Lacedaemonios
656 1717 845 1791 accessisset,
863 1727 918 1794 qui
934 1718 1031 1794 legati
1049 1738 1119 1777 cum
1141 1728 1254 1796 essent,

206 1829 290 1880 certo
304 1821 338 1880 in
353 1821 420 1880 loco
437 1822 650 1896 consederant,
666 1822 896 1881 consurrexisse
915 1833 1021 1882 omues
1040 1824 1088 1882 illi
1110 1825 1256 1886 dicuntur

157 1931 191 1980 64
205 1933 238 1986 et
252 1945 358 1985 senem
373 1945 493 1986 sessum
509 1927 670 2004 recepisse.
714 1927 917 1997 Quibuscum
938 1937 956 1986 a
976 1934 1087 1988 cuncto
1108 1939 1256 1991 consessa
1282 1948 1306 1984 15

206 2031 334 2108 plausus
362 2037 446 2091 esset
473 2031 641 2108 multiplex
671 2032 772 2105 datus,
802 2031 919 2091 dixisse
952 2052 991 2091 ex
1023 2044 1068 2093 eis
1099 2036 1255 2111 quendam

205 2136 408 2196 Atheniensis
444 2145 531 2209 scire,
561 2155 639 2213 quae
674 2142 760 2196 recta
793 2142 907 2211 essent,
937 2138 991 2196 sed
1025 2138 1127 2198 facere
1161 2141 1252 2200 nolle.

204 2241 308 2300 Multa
329 2241 362 2299 in
384 2247 491 2300 nostro
519 2240 651 2315 collegio
679 2241 845 2318 praeclara,
869 2242 924 2301 sed
952 2242 1018 2316 hoc,
1044 2243 1081 2302 de
1107 2254 1168 2321 quo
1193 2246 1255 2322 agi-

205 2365 282 2420 mus,
311 2346 344 2404 in
375 2356 494 2424 primis,
524 2346 616 2422 quod,
644 2351 680 2405 ut
712 2346 845 2424 quisque
878 2353 982 2406 aetate
1013 2350 1177 2422 antecedit,
1209 2351 1254 2410 ita

205 2451 378 2510 sententiae
404 2452 613 2529 principatum
634 2455 729 2525 tenet,
753 2471 853 2529 neque
875 2453 977 2510 solum
998 2453 1113 2512 honore
1135 2463 1254 2518 antece·
1280 2474 1304 2511 ro

203 2555 356 2630 dentibus,
374 2556 429 2615 sed
443 2566 486 2615 eis
502 2556 605 2630 etiam,
623 2566 761 2633 quicum
781 2556 911 2633 imperio
929 2563 1011 2631 sunt,
1028 2559 1159 2619 maiores
1177 2567 1253 2620 nata

203 2672 334 2737 augures
360 2667 599 2738 anteponuntur.
652 2662 736 2731 Quae
765 2667 838 2721 sunt
866 2662 962 2738 igitur
984 2662 1163 2741 voluptates
1191 2685 1254 2726 cor-

203 2766 287 2844 poris
302 2786 372 2826 cum
388 2767 584 2827 auctoritatis
605 2767 751 2844 praemiis
767 2768 1017 2844 comparandae?
1059 2769 1176 2839 Quibus
1198 2782 1253 2849 qui

203 2872 364 2949 splendide
385 2881 436 2931 asi
457 2877 538 2946 sunt,
555 2881 585 2930 ei
605 2872 684 2930 mihi
705 2871 852 2931 videntur
873 2872 1011 2932 fabulam
1033 2875 1146 2933 aetatis
1169 2887 1252 2952 pere-

201 2977 283 3054 gisse
301 2996 356 3036 nec
373 2983 533 3055 tamquam
555 2976 755 3036 inexercitati
775 2976 943 3038 histriones
965 2977 998 3036 in
1019 2985 1157 3039 extremo
1179 2987 1250 3042 actii
1277 2998 1302 3038 aa

200 3081 361 3142 corruisse.

181 3269 448 3318 Lacedaemonem.
495 3267 552 3316 The
575 3267 629 3330 city
654 3281 707 3316 was
777 3281 845 3318 cum
858 3270 1052 3319 auctoritatis
1063 3273 1213 3332 praemiis.
1255 3272 1296 3322 cf.

149 3342 233 3392 called
254 3344 350 3404 Sparta
369 3357 399 3391 or
420 3343 613 3392 Lacedaemon.
657 3345 705 3392 Ac·
743 3342 934 3405 Shakespcare,
945 3345 1073 3406 Mocbeth,
1084 3346 1137 3394 Act
1145 3347 1177 3396 V.
1186 3347 1299 3398 sc.3:—

148 3419 259 3481 cording
271 3426 299 3468 to
313 3420 393 3479 fable,
409 3419 602 3478 Lacedaemon,
614 3433 662 3468 son
679 3419 706 3468 of

147 3494 262 3555 Jupiter,
274 3495 390 3544 married
401 3496 504 3556 Sparta,
516 3495 561 3543 the
573 3494 707 3557 daughter
741 3494 806 3544 And
828 3496 887 3544 that
905 3495 993 3545 which
1015 3495 1113 3546 should
1134 3512 1298 3563 accompany

148 3570 177 3618 of
200 3571 322 3620 Eurotas.
360 3571 416 3618 'l'he
441 3571 577 3619 Laconian
601 3571 655 3632 city
677 3571 705 3618 in
774 3571 818 3619 old
830 3585 886 3633 age,

147 3645 234 3695 which
243 3647 307 3708 they
317 3646 388 3695 lived
400 3647 454 3694 and
465 3646 574 3710 reigned
585 3646 705 3696 received
740 3647 780 3694 As
799 3647 891 3706 honor,
911 3646 979 3708 love,
999 3648 1150 3711 obedience,
1164 3655 1256 3715 troops
1271 3653 1299 3702 oi

146 3722 193 3771 the
204 3736 283 3772 name
296 3723 325 3772 oi
336 3724 410 3772 each.
773 3722 881 3772 friends.
