2782 4162
373 269 477 336 CATO
502 269 633 334 ΜᾸΙΟΒ
658 268 710 332 ΒΕ
735 268 975 335 SENECTUTE.

149 446 175 518 O
200 457 233 517 di
256 457 346 517 boni!
379 456 455 535 quid
480 462 529 516 est
553 456 586 514 in
613 454 749 516 hominis
774 460 887 515 natura
914 455 998 516 diu?
1040 457 1090 518 Da
1117 457 1203 518 enim

150 582 304 622 summum
322 568 455 640 tempuS,
475 567 692 639 exspectemus
709 561 940 620 Tartessiorum
961 561 1044 637 regis
1065 568 1202 623 aetatem

154 668 232 748 (fuit
253 668 345 743 enim,
361 674 397 727 ut
417 674 569 745 scriptum
586 666 687 740 video,
702 665 941 741 Arganthonius
960 667 1088 744 quidam
1108 668 1203 729 Gaui-

149 774 216 848 bus,
232 783 288 850 qui
308 773 467 849 octoginta
487 770 630 848 regnavit
651 779 758 846 annos,
773 777 899 830 centum
920 772 1034 849 viginti
1052 773 1148 855 vixit)
1160 809 1203 819 —

150 879 205 938 sed
222 878 299 936 mihi
314 888 353 937 ne
368 878 551 937 diuturnum
566 876 692 961 quidem
708 876 875 954 quicquam
889 876 1015 936 videtur
1028 877 1061 936 in
1076 887 1138 956 quo
1152 884 1203 939 est
1242 899 1256 940 1

150 984 270 1060 aliquid
291 989 473 1042 extremum.
517 982 595 1043 Cum
617 981 700 1041 enim
721 981 755 1040 id
776 981 914 1057 advenit,
929 987 996 1041 tum
1012 982 1101 1058 illud,
1117 985 1202 1061 quod

151 1088 322 1166 praeteriit,
339 1088 478 1162 effluxit3
503 1092 626 1147 tantum
649 1092 798 1161 remanet,
821 1087 904 1165 quod
925 1087 1044 1148 virtute
1065 1093 1098 1152 et
1119 1095 1202 1149 recte

150 1194 242 1254 iactis
274 1199 456 1254 consecutus
489 1203 549 1268 sis;
584 1192 678 1251 horae
709 1191 837 1269 quidem
868 1193 983 1253 cedunt
1012 1198 1044 1254 et
1072 1194 1138 1255 dies
1168 1202 1202 1256 et

150 1309 271 1359 menses
293 1305 325 1359 et
346 1308 428 1374 anni,
450 1316 506 1357 neo
528 1297 733 1375 praeteritum
754 1302 880 1375 tempus
900 1316 1049 1375 umquam
1073 1300 1202 1360 reverti-

150 1412 211 1479 tur,
227 1424 292 1479 neo,
308 1404 384 1482 quid
405 1409 563 1481 sequatur,
581 1412 653 1463 sciri
673 1408 797 1480 potest3
820 1402 903 1480 quod
921 1402 1032 1483 cuique
1049 1405 1201 1484 temporis
1216 1429 1254 1471 ,ιο

99 1511 189 1576 70011
204 1511 371 1569 vivendum
393 1510 493 1582 datur,
514 1517 549 1567 eo
567 1508 659 1568 debet
679 1527 747 1568 esse
766 1504 970 1599 contentum}
983 1510 1095 1588 Neque
1117 1510 1201 1570 enim

151 1615 306 1688 histrioni,
329 1620 366 1674 ut
387 1614 516 1691 placeat,
540 1614 716 1690 peragenda
739 1612 849 1672 fabula
872 1620 929 1688 est,
952 1615 1052 1689 modo,
1075 1615 1202 1693 inquo

150 1739 282 1797 cumque
304 1719 401 1779 fuerit
422 1725 503 1792 actu,
527 1719 683 1796 probetur,
703 1736 804 1795 neque
826 1719 1019 1796 sapientibus
1040 1739 1140 1798 usque
1161 1721 1202 1781 ad

152 1826 332 1885 ‘Plaudite'
362 1824 551 1884 veniendum
583 1829 641 1884 est.
693 1824 795 1883 Breve
823 1824 907 1883 enim
934 1829 1060 1902 tempus
1088 1826 1202 1888 aetatis

151 1932 228 1991 satis
249 1931 378 2007 longum
392 1934 440 1989 est
454 1929 494 1988 ad
508 1930 585 1989 bene
601 1929 794 2006 honesteque
811 1929 997 2006 vivendum,
1019 1940 1067 1990 sin
1082 1939 1203 2010 proces·
1229 1958 1256 1999 15

150 2037 228 2095 serit
259 2035 391 2110 longius,
419 2043 482 2093 non
513 2033 612 2109 magis
642 2034 811 2093 dolendum
839 2039 896 2110 est,
926 2053 1020 2113 quam
1048 2035 1202 2114 agricolae

150 2140 256 2201 dolent
278 2139 448 2218 praeterita
462 2149 550 2198 verni
571 2138 723 2217 temporis
744 2138 901 2199 suavitate
916 2145 1068 2200 aestatem
1083 2147 1203 2201 autum-

150 2265 286 2322 numque
311 2245 442 2305 venisse.
486 2244 549 2304 Ver
573 2244 656 2303 enirn
681 2249 843 2321 tamquam
872 2244 1116 2306 adulescentiam
1144 2255 1203 2323 sig-

132 2431 566 2482 Tartessiorum...Gadibus.
601 2428 658 2477 The
726 2430 874 2482 Plaudite.
920 2430 1001 2494 Plays
1027 2431 1134 2494 usually
1162 2431 1256 2484 closed

99 2514 212 2570 country
225 2508 308 2556 about
319 2507 364 2555 the
378 2506 471 2554 mouth
484 2505 512 2554 of
527 2505 572 2553 the
588 2504 659 2553 river
693 2504 759 2553 with
775 2504 829 2556 this
844 2506 926 2555 word.
964 2505 1006 2556 ci.
1019 2507 1141 2570 Plautus,
1158 2506 1235 2560 Tria.
1243 2523 1256 2576 ,·

99 2585 198 2643 Baetis,
216 2583 244 2631 in
265 2582 394 2632 southern
413 2581 503 2643 Spain,
523 2581 553 2629 of
570 2581 658 2630 which
693 2579 749 2630 also
763 2581 826 2633 Hor.
838 2583 871 2632 A.
887 2583 920 2632 P.
935 2583 1038 2635 itt:-

99 2661 187 2711 Gades
202 2659 310 2725 (cadiz)
326 2672 380 2707 was
392 2659 437 2706 the
450 2656 580 2719 principal
592 2657 656 2718 city,
695 2687 801 2737 sessuri
817 2687 903 2739 donee
920 2693 1015 2740 cantor
1034 2694 1097 2741 ,vos
1113 2688 1252 2754 plaudite,

98 2751 154 2786 was
166 2736 250 2785 called
263 2737 411 2783 Tartessus.
727 2762 799 2814 dicat

131 2819 166 2863 ut
178 2814 325 2873 scriptum
338 2810 438 2860 video.
474 2808 626 2858 Herodotus
636 2809 658 2859 I.
800 2801 806 2814 ‘

101 2888 156 2950 163,
180 2890 338 2949 ἐτυράννευσε
359 2889 385 2935 δὲ
407 2887 556 2947 Ταρτησσοῦ
579 2886 659 2945 ὁγδώ-
694 2905 720 2954 Π
740 2905 763 2955 is
782 2906 827 2956 the
846 2905 948 2970 closmg
965 2904 1040 2956 word
1058 2904 1087 2955 in
1104 2918 1185 2969 every
1202 2918 1255 2956 one

100 2983 174 3013 κοντα
191 2963 257 3021 ἔτεα,
269 2959 361 3024 ἐβίωσε
378 2964 404 3011 δὲ
422 2959 508 3010 πάντα
525 2963 600 3010 εἴκοσι
617 2963 658 3009 καὶ
694 2982 723 3031 of
741 2983 884 3032 Terence’s
901 2983 944 3032 six
960 2981 1100 3033 comedia&
1137 2982 1192 3032 For
1208 2981 1255 3032 the

100 3040 195 3089 ἑκατόν.
232 3037 433 3101 Arganthonius
445 3037 556 3099 belongs
570 3041 598 3086 to
612 3035 658 3085 the'
694 3058 863 3121 comparison
886 3058 916 3108 of
943 3057 991 3108 ΜΘ
1013 3063 1042 3108 ω
1070 3071 1087 3108 a
1115 3055 1188 3121 play,
1208 3070 1255 3108 see

99 3117 171 3166 sixth
183 3123 295 3176 century
308 3128 361 3163 nc.
693 3148 719 3197 p,
731 3135 771 3185 50,

132 3194 238 3255 quod.
262 3227 267 3238 .
288 3227 293 3239 .
314 3204 382 3241 esse
400 3193 570 3240 contentus¹
616 3188 657 3238 Cf.
726 3212 914 3262 Brevem,
932 3247 938 3260 ο
959 3247 965 3259 ·
987 3248 993 3260 ι
1013 3211 1186 3262 mudum·
1222 3209 1255 3259 1,

100 3270 164 3317 Hm·
181 3267 308 3326 80111,
325 3265 494 3315 1174191-
695 3285 803 3350 Huxley
839 3299 978 3349 compares
1021 3286 1081 3337 Ben
1123 3285 1257 3336 Jonson’c

99 3408 166 3457 Inde
178 3407 216 3468 fit,
226 3414 257 3456 ut
269 3420 337 3466 rama
347 3405 393 3468 qui
405 3419 432 3455 se
442 3404 540 3454 vixisse
548 3404 657 3454 beatum
693 3360 776 3413 Μεθ’
786 3390 820 3400 ““

100 3486 188 3544 DIcat,
203 3490 238 3543 et,
254 3489 348 3531 exacto
366 3486 509 3530 contentus
527 3484 655 3542 tempore,
694 3479 726 3528 In
740 3478 819 3528 small
833 3479 1003 3541 proportione
1014 3491 1056 3528 wc
1066 3476 1124 3541 just
1133 3476 1257 3528 beauties

152 3560 156 3571 '
726 3569 770 3604 see

99 3566 187 3684 Ccllallt
211 3635 252 3684 uti
286 3632 398 3684 conviva
432 3639 516 3693 satur,
542 3631 657 3694 reperire
693 3630 758 3679 And
773 3591 814 3680 'in
842 3631 919 3680 short
945 3642 1084 3680 measures
1113 3628 1159 3679 life
1190 3641 1256 3692 may

132 3723 268 3771 queamus.
725 3705 829 3770 perfect
841 3705 885 3755 be.
