2782 4162
116 295 159 362 58
392 288 496 352 CATO
521 288 651 352 Maiori
675 289 728 352 Da
753 289 993 353 SENECTUTE.

167 476 199 531 et
213 473 393 533 consularis.
436 474 495 533 Est
509 473 542 532 in
558 474 698 534 manibus
713 474 861 548 laudatis),
878 493 971 552 quam
986 493 1056 535 cum
1072 472 1215 551 legimus,

167 597 259 654 quern
288 578 510 656 philosophum
534 588 596 638 non
621 580 873 639 contemnimus?
915 580 982 638 Nec
1007 588 1079 639 vero
1104 579 1159 638 ille
1184 579 1216 637 in

167 683 236 742 hice
269 685 359 743 modo
391 690 485 761 atque
521 685 554 743 in
589 686 687 745 oculis
721 685 836 744 civium
871 693 1009 760 magnus,
1040 685 1096 744 sed
1130 685 1215 744 intus

168 789 312 866 domique
335 790 550 866 praestantior.
594 790 654 859 Qui
675 798 783 864 sernia,
803 808 883 867 qnae
904 795 1079 867 praecepta,
1100 796 1217 867 quanta

168 894 283 953 natitia
305 894 514 971 antiquitatis,
536 895 668 954 seientia
693 895 770 954 iuris
796 897 922 971 augurii
966 894 1087 954 Multae
1112 895 1215 968 etiarn,
1256 909 1266 948 r

168 999 250 1058 utin
265 999 391 1057 homine
407 1000 557 1073 Romani),
569 999 711 1075 litterae,
734 1000 838 1059 omnia
853 999 1002 1058 memoria
1016 1000 1141 1059 tenebat
1155 1008 1218 1058 non

169 1104 340 1163 domestica
361 1104 470 1178 solum,
487 1106 541 1164 sed
562 1105 655 1164 etiam
677 1110 806 1164 externa
826 1104 917 1165 bella.
960 1105 1057 1166 Cuius
1076 1113 1217 1164 sermone

170 1209 215 1268 ita
229 1215 297 1268 tum
311 1209 422 1287 cupide
437 1210 572 1284 fruebar,
585 1211 675 1288 quasi
689 1210 752 1269 iam
767 1211 949 1284 divinarem,
961 1210 994 1269 id
1005 1210 1089 1288 quod
1103 1210 1216 1284 evenit,

170 1314 225 1373 illo
239 1314 394 1374 exstincti)
410 1315 486 1388 iore,
502 1315 584 1374 unde
600 1315 760 1390 discerem,
777 1315 940 1375 neminem.

676 1594 713 1654 V.

121 1762 156 1812 13
212 1749 349 1821 Quorsus
361 1748 458 1826 igitur
468 1749 544 1809 haec
558 1754 624 1809 tam
636 1749 736 1808 multa
746 1749 784 1808 de
796 1748 960 1809 Maxima?
989 1748 1219 1828 Quiaprofectb
1245 1769 1270 1809 m

171 1855 286 1915 videtis
310 1855 397 1913 nefas
419 1873 486 1915 esse
508 1854 595 1913 dictu
615 1853 762 1913 miseram
781 1855 880 1914 fuisse
900 1854 997 1914 talem
1017 1861 1217 1915 senectutem.

171 1962 238 2020 Nec
258 1966 363 2020 tamen
385 1969 491 2019 omnes
516 1964 649 2036 possunt
670 1978 738 2019 esse
761 1959 920 2036 Scipiones
941 1965 997 2019 aut
1018 1960 1158 2035 Maximi,
1183 1967 1220 2020 ut

171 2066 293 2127 urbium
304 2065 560 2143 expugnationes,
570 2071 606 2124 ut
618 2065 771 2141 pedestris
781 2065 942 2124 navalisve
954 2075 1083 2142 pugnas,
1093 2072 1129 2124 ut
1139 2066 1221 2126 bella

172 2181 237 2231 ase
257 2175 353 2247 gesta,
369 2176 404 2228 ut
422 2169 596 2247 triumphos
619 2169 827 2255 recordentur.
870 2171 930 2230 Est
949 2171 1045 2229 etium
1065 2171 1169 2248 quiete
1189 2178 1221 2231 et

172 2287 249 2356 pure
271 2282 364 2353 atque
381 2275 540 2350 eleganter
554 2280 641 2334 actae
655 2275 769 2334 aetatis
785 2275 909 2352 placida
923 2294 958 2336 ac
972 2275 1052 2335 lenis
1067 2282 1219 2352 senectus,
1248 2294 1272 2333 15

172 2383 296 2462 qualem
324 2381 498 2458 accepimus
525 2379 676 2454 Platonis
704 2389 758 2457 qui
784 2389 847 2439 rina
872 2386 903 2447 et
928 2381 1116 2458 octogesima
1139 2390 1221 2442 anna

154 2569 299 2620 lauditia.
336 2566 436 2616 Fabius
449 2565 620 2628 pronounced
632 2566 678 2615 the
714 2566 805 2616 letters
822 2572 850 2616 to
867 2567 913 2617 the
931 2581 1009 2630 years
1028 2567 1211 2632 Immediately
1223 2568 1273 2619 iol-

122 2645 217 2708 eulogy
234 2658 307 2706 upon
327 2643 370 2692 his
388 2656 448 2692 own
468 2656 524 2691 son.
562 2642 678 2692 Funera]
713 2641 812 2705 lowing
822 2643 869 2692 the
881 2643 984 2693 Second
1001 2644 1087 2694 Punic
1100 2644 1173 2694 War.

122 2723 241 2772 orations
264 2718 397 2768 delivered
415 2719 451 2780 by
472 2732 538 2767 near
553 2718 679 2768 relatives
746 2719 799 2768 11Ιό
823 2721 987 2770 exstincta.
1025 2720 1066 2771 He
1088 2719 1150 2769 died
1172 2720 1201 2770 in
1226 2721 1273 2773 the

122 2813 152 2847 or
166 2799 288 2847 intImate
301 2795 404 2844 friends
417 2809 485 2844 were
497 2794 638 2856 preserved
650 2795 679 2842 in
714 2808 779 2856 year
790 2795 838 2843 203
851 2809 905 2845 Β.ο.
1176 2836 1179 2840 .

121 2875 167 2924 the
190 2872 285 2934 family
308 2872 435 2920 arcthes.
480 2871 535 2919 For
556 2870 603 2919 the
625 2870 679 2919 his·
747 2871 891 2921 Platdnhu
942 2871 1019 2921 Plato
1054 2885 1109 2921 was
1142 2872 1211 2922 born
1244 2873 1272 2923 in

121 2950 215 3000 torioal
234 2949 310 2998 value
328 2947 356 2996 oi
373 2947 448 2995 these
466 2946 614 3008 addresses,
634 2960 678 2995 see
716 2946 820 2995 Athens
836 2946 885 2996 429
902 2960 933 2996 or
948 2947 998 2997 428
1016 2962 1069 2998 ac.
1106 2948 1145 2998 At
1161 2949 1207 2998 the
1225 2962 1274 3011 age

123 3027 176 3077 Ciu
195 3028 271 3075 Brut.
294 3024 333 3084 16,
354 3023 394 3082 62,
416 3025 458 3072 bis
476 3024 679 3073 laudationibus
715 3022 743 3072 oi
760 3028 862 3084 twenty
874 3023 908 3072 he
922 3022 1032 3073 became
1047 3037 1064 3073 a
1077 3024 1152 3086 pupil
1165 3024 1193 3073 oi
1211 3025 1272 3074 Soc-

122 3105 235 3153 bistoria
258 3115 346 3150 uerum
370 3105 523 3149 nostrorum
546 3105 584 3149 est
601 3100 679 3162 suctu
715 3105 796 3149 rates.
831 3097 913 3148 After
931 3099 977 3148 the
997 3099 1102 3149 latter’s
1125 3099 1215 3160 death,
1238 3101 1272 3150 he

122 3179 290 3240 merrdosior,
324 3174 377 3224 and
413 3174 487 3236 Livy,
522 3174 601 3222 VIII.
636 3173 677 3233 40,
715 3173 833 3224 traveled
860 3174 1026 3238 extensively
1049 3174 1093 3225 ior
1119 3177 1201 3226 about
1226 3183 1272 3225 ten

130 3256 259 3304 Vitiatom
271 3253 426 3302 meritoriam
439 3252 603 3314 funebribus
621 3253 680 3302 luu—
715 3265 801 3313 years,
827 3251 892 3300 then
914 3251 1042 3300 returned
1064 3256 1093 3300 to
1116 3252 1158 3301 his
1181 3253 1273 3302 native

122 3331 200 3380 dIbus
216 3343 284 3378 reor.
715 3327 778 3389 city,
793 3326 846 3376 and
861 3341 877 3376 a
893 3326 962 3376 little
980 3327 1048 3376 later
1065 3326 1150 3390 began
1169 3332 1197 3377 to
1215 3328 1273 3390 give

154 3406 272 3456 Multae
292 3439 298 3452 .
318 3441 323 3452 .
345 3441 351 3452 .
372 3405 500 3454 lItterae.
522 3402 563 3452 On
574 3402 679 3451 thelate
716 3402 876 3451 instruction
888 3403 915 3450 in
928 3402 1086 3464 philosophy
1096 3407 1125 3452 to
1136 3416 1152 3452 a
1162 3403 1273 3453 bandoi

122 3480 309 3541 development
326 3479 355 3528 oi
378 3479 516 3528 literature
535 3483 563 3526 at
586 3478 679 3538 Rome,
715 3492 806 3540 young
818 3492 880 3526 meu
893 3479 952 3527 who
969 3478 1098 3541 gathered
1115 3479 1198 3528 about
1216 3479 1273 3528 him

121 3570 245 3618 compare
274 3557 320 3605 the
348 3554 521 3604 well-known
555 3553 623 3602 lines
652 3553 681 3603 oi
716 3554 744 3603 In
764 3555 809 3603 the
830 3568 909 3616 grove
930 3554 959 3603 oi
982 3555 1142 3604 Academus.
1180 3554 1275 3605 Cicero

122 3633 235 3693 Horace,
251 3634 299 3695 Ep.
321 3631 356 3679 II.
378 3632 401 3691 1,
416 3629 538 3690 156-163,
552 3630 580 3678 in
593 3630 680 3679 which
715 3630 862 3692 styleshim
874 3632 939 3680 deus
950 3631 1176 3693 pbilosophorum,
1190 3631 1226 3681 N.
1237 3632 1271 3681 D.

121 3707 155 3757 he
178 3708 263 3758 refers
285 3708 331 3756 the
354 3706 500 3771 beginning
522 3705 551 3755 oi
574 3707 680 3755 Roman
717 3707 752 3754 ΙΙ.
774 3707 813 3766 12,
833 3707 872 3754 32,
910 3705 986 3756 Plato
1010 3721 1065 3756 was
1088 3706 1188 3769 doubly
1209 3706 1271 3756 icit
