2754 4156
534 311 721 367 CHAPTER
745 312 843 366 XVII.
1224 305 1265 370 93

164 489 262 549 fuisse
284 494 367 548 etei
389 488 545 566 quendam
570 492 770 565 consaeptum
795 506 903 563 agrum
928 486 1096 564 diligenter
1117 483 1215 546 censi-

164 599 232 652 tum
262 594 445 653 ostendisse.
502 594 581 655 Cum
616 600 722 653 autem
755 593 962 652 admiraretur
992 591 1154 670 Lysander
1182 596 1214 650 et

165 699 366 776 proceritates
384 699 528 758 arborum
546 705 578 757 et
595 698 735 758 derectos
757 697 791 756 in
812 707 1016 775 quincuncem
1038 696 1163 755 ordines
1182 702 1215 756 et

165 803 294 863 humum
314 805 474 863 subectam
496 808 590 880 atque
612 813 720 881 puram
743 808 776 862 et
796 803 985 862 suevitetem
1006 802 1143 874 oderam,
1160 810 1215 878 qui

164 909 355 969 adflarentnr
370 928 409 967 ex
422 907 558 981 fletibus,
574 913 642 968 tum
657 927 728 967 eum
743 908 860 967 dixisse
875 916 984 966 mirari
1001 917 1033 966 se
1047 915 1109 965 nen
1123 907 1214 965 modo
1251 921 1265 963 1

165 1013 370 1089 diligentiam,
396 1014 451 1073 sed
475 1013 570 1073 etiam
596 1012 770 1072 sollertiam
794 1012 870 1086 eius,
896 1021 914 1070 e
938 1020 1000 1089 que
1029 1017 1134 1071 essent
1158 1011 1215 1070 illa

166 1119 306 1178 dimensa
330 1124 424 1196 atque
451 1119 617 1195 discripta3
650 1123 681 1176 et
706 1117 823 1195 Cyrum
848 1117 1064 1194 respondisse:
1098 1117 1214 1194 ‘Atqui
1274 1153 1275 1156 =

165 1242 221 1300 ego
248 1223 312 1284 ista
339 1242 407 1283 sum
435 1223 540 1283 omnia
567 1223 743 1296 dimensus3
780 1232 841 1281 mei
873 1227 947 1282 sunt
981 1222 1116 1296 ordines,
1145 1240 1215 1281 mea

165 1328 336 1406 discriptis),
359 1328 476 1388 multae
498 1328 594 1387 etiam
615 1327 747 1388 istarum
768 1327 913 1386 arborum
933 1336 1003 1386 mee
1023 1336 1118 1386 manir
1140 1331 1214 1386 sunt

166 1434 269 1493 satae!
312 1435 392 1492 Tum
407 1433 604 1512 Lysandrum
618 1432 794 1491 intuentem
809 1450 978 1510 purpuram
999 1431 1065 1490 eius
1085 1436 1118 1490 et
1136 1432 1214 1490 nite
1240 1445 1264 1486 10

166 1557 231 1597 rem
254 1538 392 1617 corporis
417 1543 621 1615 ornatumque
644 1536 805 1596 Persicum
827 1537 926 1596 multo
947 1545 1022 1596 aure
1043 1536 1213 1613 multisque

166 1652 295 1718 gemmis
310 1643 442 1703 dixisse:
468 1643 583 1701 ‘Recte
605 1649 677 1700 vere
699 1647 738 1715 te,
756 1641 846 1720 Cyre,
862 1642 989 1701 beatum
1009 1641 1125 1715 ferunt,
1141 1660 1214 1718 quo

115 1758 152 1809 60
165 1748 248 1807 niam
270 1748 477 1808 virtuti-tuae
499 1747 625 1806 fortuna
646 1746 813 1806 coniuncta
833 1747 902 1806 est'
944 1747 1013 1806 Hec
1037 1746 1134 1821 igitur
1154 1745 1215 1805 for-

165 1859 243 1912 time
266 1853 330 1912 frui
353 1852 430 1913 licet
455 1853 589 1926 senibus,
613 1870 669 1911 nec
694 1856 780 1911 setes
805 1851 946 1930 impedit,
969 1860 1030 1929 quo
1052 1851 1155 1910 minus
1181 1855 1214 1910 et

165 1964 336 2017 ceterarum
352 1968 454 2018 rerum
470 1962 503 2016 et
521 1957 555 2015 in
572 1967 681 2035 primis
700 1967 766 2033 agri
782 1957 905 2016 colendi
926 1957 1032 2016 studia
1052 1961 1213 2016 teneamus
1241 1971 1265 2011 11

165 2081 263 2139 usque
288 2062 328 2122 ad
352 2063 500 2122 ultimum
524 2067 649 2139 ternpus
678 2062 860 2121 senectutis.
904 2062 947 2119 M.
974 2061 1101 2138 quidem
1125 2061 1215 2122 Vale-

166 2167 245 2227 rium
272 2168 440 2229 Corvinum
466 2167 640 2244 accepimus
664 2168 704 2227 ad
729 2167 933 2226 centesimum
962 2185 1077 2226 annum
1104 2168 1215 2244 perdir-

165 2273 258 2347 xisse,
281 2291 350 2332 cnm
375 2276 458 2332 esset
482 2277 552 2331 aicta
575 2272 637 2331 iam
659 2276 761 2331 aetate
783 2271 817 2330 in
837 2281 921 2348 agris
942 2280 1056 2348 eosque
1078 2271 1212 2346 coleret3

165 2379 253 2439 oirius
275 2379 358 2438 inter
378 2388 513 2455 primum
535 2382 568 2436 et
588 2383 710 2437 sextum
734 2377 929 2437 consulatum
952 2395 1006 2435 sex
1031 2383 1063 2436 et
1085 2378 1214 2455 quadra

165 2485 254 2562 ginta
280 2493 355 2543 anni
382 2483 601 2542 interfuerunt.
657 2484 717 2557 Ita,
747 2487 898 2560 quantum
928 2482 1064 2558 spatium
1100 2483 1213 2542 aetetis
1240 2497 1264 2536 eo

165 2589 295 2649 maiores
323 2589 363 2649 ad
388 2588 558 2649 senectutis
581 2586 706 2647 initium
736 2605 804 2647 esse
829 2585 1003 2660 voluerunt,
1028 2592 1137 2647 tantus
1165 2587 1215 2646 illi

165 2713 274 2755 cursus
285 2694 437 2754 bonerum
451 2693 528 2767 init,
548 2697 643 2770 atque
657 2692 751 2752 huius
766 2698 909 2751 extrema
922 2696 1009 2751 aetis
1023 2691 1080 2750 hoc
1094 2691 1213 2751 beatior

165 2818 258 2878 quam
272 2799 384 2874 media,
400 2799 484 2876 quod
497 2797 693 2859 auctoritatis
707 2797 840 2857 habebat
861 2796 939 2874 plus,
955 2796 1069 2856 laboris
1092 2797 1212 2874 minus;

146 2986 269 3036 Recte.
290 2987 399 3035 ..est
444 2981 488 3032 Cf.
515 2983 583 3032 Xen.
612 2983 669 3033 Oec.
706 2982 827 3031 thetext.
859 2980 983 3030 Valerius
992 2980 1068 3030 owed
1077 2981 1118 3031 his
1128 2973 1275 3044 surname,

113 3060 163 3111 iv.
175 3061 217 3121 25,
231 3062 334 3110 Δικαίως
348 3078 388 3119 μοι
401 3061 476 3109 δοκεῖς
487 3048 577 3120 toqui
595 3061 667 3119 Κῦρε,
708 3056 847 3118 Corvinus,
867 3062 896 3106 to
916 3056 961 3106 tire
981 3057 1039 3106 fact
1060 3057 1121 3106 that
1144 3071 1160 3107 1
1182 3072 1264 3108 raven

112 3138 233 3196 εὐδαίμων
256 3135 326 3195 εἶναι,
349 3137 441 3195 ἀγαθὸς
468 3137 519 3198 γὰρ
545 3131 580 3183 ὢν
608 3137 670 3195 ἀνὴρ
710 3133 831 3197 (coruus)
862 3132 962 3194 lighted
993 3146 1066 3194 upon
1094 3133 1136 3183 his
1164 3133 1265 3182 helmet

112 3214 265 3271 εὐδαιμονεῖς.
707 3209 794 3269 when,
819 3209 847 3257 in
874 3208 922 3257 349
947 3223 1013 3267 no,
1038 3209 1071 3257 he
1094 3209 1213 3272 engaged
1236 3209 1264 3258 in

145 3290 240 3338 Μ...
261 3288 441 3337 .Valerium
497 3287 667 3338 GorvInum.
707 3284 791 3347 single
819 3284 927 3334 combat
953 3284 1019 3333 with
1047 3299 1064 3333 a
1090 3285 1159 3346 huga
1186 3285 1264 3336 Gaul.

114 3364 150 3412 M.
162 3362 287 3413 Valerius
304 3363 436 3412 Corvinus
452 3376 507 3412 was
521 3362 613 3412 consul
628 3361 670 3410 six
708 3360 757 3410 See
770 3359 883 3421 Liddell,
900 3359 972 3410 Hict.
986 3362 1018 3423 os
1031 3360 1126 3421 Rome,
1140 3375 1167 3422 p.
1183 3362 1238 3410 151.

111 3439 200 3498 times,
214 3438 274 3487 first
291 3439 319 3488 in
337 3439 386 3488 348
406 3453 466 3498 no..
480 3437 535 3487 and
552 3438 598 3486 the
617 3436 670 3486 last
741 3450 797 3486 sex
814 3440 846 3487 et
863 3437 1068 3498 quadraginta.
1114 3437 1163 3486 See
1181 3438 1265 3486 above

111 3515 343 3565 1111θί1129911.
374 3514 576 3564 Thereforethe
592 3519 670 3562 exact
707 3526 743 3561 on
759 3512 912 3563 Corvinum.
947 3512 1004 3560 The
1016 3511 1122 3574 regular
1134 3512 1225 3574 period
1238 3513 1267 3562 of

111 3590 203 3654 period
224 3591 393 3652 intervening
410 3591 532 3639 between
551 3589 594 3639 his
610 3587 669 3638 first
706 3587 825 3650 military
837 3588 937 3637 service
949 3587 1036 3636 closed
1047 3588 1111 3636 witti
1124 3589 1169 3637 the
1181 3588 1266 3652 sorty-

111 3667 164 3717 and
186 3667 256 3716 sixth
277 3665 430 3728 consulship
447 3679 502 3715 was
520 3665 668 3726 forty-nine
706 3663 777 3713 sixth
800 3677 873 3723 year,
895 3663 948 3712 and
970 3663 1016 3712 the
1037 3670 1112 3714 cetos
1131 3667 1266 3715 seniorum

110 3755 198 3806 years,
211 3742 266 3793 and
276 3747 325 3791 not
339 3741 476 3804 fortysix,
490 3755 520 3790 as
535 3740 625 3790 stated
640 3741 668 3790 in
705 3739 885 3790 commenced,
