2782 4162
432 274 536 337 CATO
561 272 691 336 Malea
716 272 769 335 DE*
794 273 1032 367 SENECTUTE.

208 459 343 537 quennia
373 465 444 518 ante
472 479 544 518 eum
573 459 731 518 cansulem
764 469 797 517 se
829 467 884 536 pra
920 469 952 517 re
987 459 1113 536 publica
1147 469 1259 539 quarta

208 565 371 623 causulatu
393 565 577 640 dev¹<iverat3
600 571 692 623 norat
707 549 1023 639 enudem'Fabricius,
1041 572 1130 624 naret
1145 568 1260 626 Corun-

208 672 333 746 canius3
355 679 410 748 qui
431 688 500 729 cum
520 689 559 729 ex
577 676 722 742 suavita,
739 674 807 728 tum
824 687 864 727 ex
879 669 955 744 eius,
971 689 1063 746 quem
1079 671 1155 744 dioc,
1172 673 1258 748 Deci,

209 777 292 835 facto
324 775 504 835 indicabant
536 795 604 835 esse
637 775 777 852 profecta
805 774 926 851 aliquid
954 782 1067 834 natura
1095 777 1258 854 pulchrum

208 887 302 959 atque
331 881 532 958 praeclarum,
563 881 646 958 quod
678 889 735 938 sua
768 887 881 956 sponte
915 885 1083 957 peteretur,
1113 882 1260 960 quodque
1297 899 1310 940 s

210 992 314 1065 spreta
335 993 367 1046 et
388 992 547 1063 contempt
550 986 692 1063 avolupt
695 990 744 1044 ate
766 985 903 1061 optimus
919 985 1050 1062 quisque
1067 994 1210 1063 sequeret
1212 1008 1258 1048 ur

158 1068 346 1183 &diuersus
368 1091 465 1166 igitur
486 1096 551 1150 tam
574 1091 675 1149 multa
695 1090 733 1149 de
755 1090 944 1166 voluptate?
986 1090 1066 1160 Quia
1086 1100 1149 1149 nan
1167 1094 1259 1152 modo

23 1210 56 1279 ς’
110 1166 399 1274 ld³1tvituperauo
427 1196 522 1269 milla,
553 1197 667 1255 sedt
635 1195 731 1254 etiam
760 1214 882 1253 summa
910 1194 978 1254 laus
1003 1196 1175 1256 senectutis
1200 1204 1258 1272 est,

209 1302 292 1380 quod
323 1319 360 1360 ea
386 1301 564 1378 voluptates
596 1301 700 1360 millae
732 1310 919 1377 magnopere
949 1301 1112 1360 desiderat.
1166 1303 1260 1363 Caret

208 1407 309 1485 epulis
332 1412 562 1484 exstructisque
584 1415 699 1465 mensis
721 1412 752 1464 et
775 1405 993 1483 frequentibus
1015 1406 1151 1482 poculis3
1174 1415 1258 1468 caret
1286 1425 1310 1465 ιι

208 1521 281 1588 ergo
305 1513 401 1572 etiam
424 1511 599 1570 vinulentia
627 1518 659 1570 et
683 1510 838 1570 cruditate
863 1516 895 1569 et
919 1511 1091 1571 insomniis.
1146 1512 1205 1571 Sed
1231 1522 1259 1572 si

208 1618 328 1696 aliquid
350 1618 486 1676 dandum
508 1622 556 1676 est
577 1617 742 1693 voluptati,
758 1616 905 1693 quoniam
927 1616 994 1676 eius
1016 1616 1176 1677 blanditiis
1196 1627 1259 1676 non

208 1724 300 1783 facile
332 1723 515 1782 obsistimus
547 1723 667 1800 (divine
698 1721 781 1780 euim
813 1721 905 1781 Platd
936 1727 1054 1781 ‘escam
1088 1723 1257 1781 malcrum'

208 1829 346 1906 appellat
367 1828 571 1904 voluptatem,
595 1827 678 1905 quod
699 1836 736 1886 ea
757 1826 902 1886 videlicet
928 1826 1069 1887 homines
1095 1828 1258 1904 sepiantur

208 1941 243 1993 ut
266 1934 394 2012 pisces),
417 1951 605 2009 quamquam
631 1932 842 1992 immoderatis
869 1932 969 2010 epulis
995 1938 1079 1992 caret
1105 1937 1257 2008 senectus,
1286 1951 1309 1991 n

208 2038 337 2098 modicis
359 2043 465 2097 tamen
486 2038 639 2097 conviviis
661 2037 809 2096 delectari
829 2045 942 2115 potest.
987 2037 1019 2098 (i.
1036 2037 1197 2097 Duellium
1212 2039 1256 2096 M.
1300 2070 1306 2082 ·

208 2144 322 2219 filium,
348 2153 403 2221 qui
430 2144 550 2202 Poenos
574 2142 672 2201 classe
696 2142 814 2220 primhs
841 2142 1006 2215 devicerat,
1034 2143 1214 2203 redeuntem
1240 2153 1260 2203 a

208 2260 284 2310 cena
305 2267 410 2308 senem
433 2266 523 2324 saepe
545 2247 691 2307 videbam
709 2266 801 2325 puer3
825 2247 1037 2307 delectabatur
1053 2257 1141 2308 careo
1156 2247 1259 2308 funali

208 2361 240 2415 et
267 2354 402 2426 tibicine,
429 2371 507 2430 quae
533 2352 594 2411 sibi
617 2353 705 2411 nulli>
730 2352 872 2428 exemplo
897 2357 1038 2430 privatus
1064 2359 1257 2432 sumpseram

157 2547 182 2593 ci
203 2545 365 2592 timeretur.
391 2578 395 2588 .
419 2576 424 2588 .
446 2554 500 2589 non
524 2553 583 2588 cnm
609 2539 716 2588 Latinis
751 2537 834 2600 signal
854 2538 956 2600 victory
974 2552 1037 2588 over
1053 2538 1098 2588 the
1117 2539 1310 2602 Carthaginien

157 2621 292 2670 decertans
305 2622 382 2678 pater
397 2617 503 2674 Decius,
518 2629 578 2664 cum
597 2615 716 2663 Etruscis
751 2613 813 2663 fleet
834 2628 901 2663 near
923 2615 1022 2677 Mylae,
1047 2628 1083 2664 ou
1105 2615 1151 2664 the
1177 2621 1253 2665 coast
1282 2617 1311 2666 oi
1355 2618 1373 2661 i

153 2696 237 2756 fliius,
252 2708 312 2743 curn
331 2692 435 2753 Pyrrho
454 2705 541 2752 nepos,
556 2705 583 2739 se
601 2691 715 2740 hostiurn
752 2690 842 2752 Sicily,
864 2691 913 2740 260
933 2705 986 2740 ac.
1023 2692 1080 2740 The
1099 2690 1207 2741 famous
1227 2695 1308 2753 corvi,
1353 2704 1356 2711 ’

157 2773 217 2821 telis
238 2771 401 2819 obiecissent.
444 2767 501 2815 The
522 2770 597 2827 story
618 2766 647 2815 of
669 2766 715 2814 the
750 2767 890 2830 grappling
910 2767 1022 2830 bridges‚
1034 2781 1104 2818 were
1123 2767 1188 2817 used
1211 2768 1239 2816 in
1256 2769 1311 2818 this

156 2844 300 2908 grandson,
315 2845 447 2902 however,
469 2842 492 2891 is
511 2849 558 2890 not
574 2855 638 2903 very
657 2841 715 2889 well
751 2842 825 2905 fight.
872 2844 929 2892 The
958 2847 1083 2895 columne
1111 2851 1227 2895 rostrato
1255 2858 1311 2894 was

157 2918 375 2980 authenticated;
416 2931 460 2967 see
495 2918 607 2967 Srnith's
643 2920 714 2968 Dict.
752 2918 858 2968 erected
875 2919 903 2968 in
921 2920 966 2968 the
984 2920 1084 2968 Forum
1102 2925 1130 2969 to
1149 2912 1309 2970 commemo-

158 3000 189 3060 os
198 2999 276 3060 iiioy.
752 3000 809 3043 rate
827 2994 872 3043 the
884 2995 993 3057 victory
1031 2996 1056 3044 A
1073 2994 1142 3044 later
1156 2996 1263 3044 version
1282 2996 1311 3046 of

189 3073 363 3122 vinulentia
399 3070 441 3121 cf.
465 3068 590 3129 Juvenal,
618 3069 674 3120 Set.
694 3070 715 3119 I.
753 3070 798 3119 the
818 3070 976 3132 inscription
996 3085 1069 3133 upon
1090 3071 1135 3121 the
1156 3071 1310 3122 columnis

158 3149 222 3196 142-
224 3147 298 3206 144,“
291 3161 319 3195 ιιι
331 3145 425 3209 regard
440 3151 468 3194 to
483 3159 556 3195 over·
558 3145 715 3207 indulgence
752 3146 806 3195 still
824 3151 927 3196 extant.
908 3147 1009 3196 tFor
1019 3148 1065 3196 the
1077 3147 1170 3209 battle,
1185 3161 1229 3197 see
1246 3147 1311 3236 Lid-

157 3230 185 3273 et
197 3225 337 3285 banquets
376 3224 490 3273 Poeeut
480 3229 568 3272 omen
578 3236 713 3283 praesens
752 3221 813 3281 dell,
827 3236 870 3284 pp.
886 3223 943 3284 269,
957 3223 1014 3272 270.

182 3302 306 3349 ..Hinc
329 3300 439 3348 architae
455 3305 552 3348 mortes
576 3304 655 3359 utque
675 3300 715 3347 ie·
785 3301 963 3360 sumpserat.
999 3299 1040 3348 Cf.
1056 3298 1161 3360 Florae,
1178 3299 1201 3348 1.
1216 3299 1309 3361 laic,

157 3383 253 3426 testata
265 3382 393 3425 senectus.
755 3374 823 3424 tium
846 3377 972 3424 Duellius
995 3377 1147 3437 imperator,
1172 3390 1226 3425 uon
1250 3390 1312 3425 eon-

155 3495 156 3499 ,
190 3455 294 3502 escam
327 3451 481 3500 malarum.
541 3449 583 3500 Cf.
613 3448 715 3498 Platc's
751 3456 840 3499 tentas
852 3453 934 3500 unius
945 3451 999 3500 diri
1011 3452 1154 3512 triumpho,
1165 3465 1215 3512 per
1226 3453 1310 3501 citum

162 3530 294 3585 Timaeus,
306 3527 346 3586 69,
363 3525 520 3587 “pleasura
536 3525 581 3573 the
599 3530 716 3586 greatest
752 3541 863 3584 ornnem,
887 3528 933 3575 ubi
953 3542 969 3576 n
990 3541 1055 3576 cena
1074 3528 1179 3587 rediret,
1201 3529 1311 3589 proelu-

157 3605 312 3653 incitement
324 3608 352 3652 to
365 3602 446 3650 evil.”
751 3615 807 3650 cere
819 3603 932 3664 furialia
949 3609 973 3652 et
986 3605 1143 3664 praecinere
1160 3604 1213 3652 cibi
1228 3603 1311 3654 tibias

190 3682 223 3730 Ο.
244 3680 402 3730 Duellium.
439 3676 562 3726 Duellius
582 3675 715 3740 gaineda
751 3679 837 3734 iussit,
871 3679 950 3738 quasi
988 3678 1084 3727 cotidie
1123 3679 1309 3764 triumpharet.
