2782 4162
145 289 186 360 το
418 286 522 350 curu
545 285 674 352 uiros
699 284 751 350 nu
777 285 1018 351 sxuxoruru.

194 488 262 528 curn
284 472 346 530 iam
368 490 463 531 senex
485 477 568 532 esset
589 473 786 549 ethletusque
805 482 837 531 se
854 478 1028 531 exercentis
1043 472 1077 530 in
1092 472 1245 532 curricule

195 576 323 650 videret,
360 577 519 654 aspexisse
555 575 689 637 lacertos
724 586 796 638 sues
831 578 947 636 dicitur
982 577 1244 654 inlacrimansque

195 682 312 742 dixisse
349 683 414 742 ‘At
430 684 464 741 hi
479 683 606 760 quidem
629 688 747 743 mortui
769 683 833 742 iarn
854 683 948 741 sunt'
990 683 1064 741 Non
1085 691 1157 742 veru
1179 690 1244 742 tam

194 786 250 846 isti
278 806 371 864 quam
395 794 431 846 tu
460 789 534 865 ipse,
558 791 707 866 nugutor!
736 788 942 865 nequeenim
970 807 1009 846 ex
1037 794 1069 848 te
1096 808 1244 867 umquam

195 911 228 951 es
251 892 443 965 nobilitatus,
460 894 515 952 sed
535 912 574 952 ex
595 893 744 952 lateribus
760 898 792 953 et
806 893 933 953 lacertis
948 898 1021 952 tuis.
1063 893 1154 952 Nihil
1174 894 1242 953 Sex.
1284 907 1296 945 1

195 998 306 1057 Aelius
327 998 400 1073 tele,
415 998 496 1057 nihil
517 998 625 1058 multis
647 1008 737 1057 anuis
759 1006 831 1057 aute
853 999 899 1056 Ti.
923 998 1145 1072 Coruncanius,
1164 999 1245 1057 nihil

195 1104 287 1162 modo
309 1103 343 1160 P.
366 1103 506 1177 Crassus,
529 1103 681 1181 equibus
704 1103 773 1163 iura
794 1103 915 1164 civibus
937 1103 1244 1180 praescribebantur3

196 1216 325 1285 quorum
357 1227 456 1286 usque
480 1209 520 1269 ad
547 1216 721 1268 extremum
750 1209 897 1286 spiritum
926 1214 974 1268 est
1002 1215 1150 1286 preveeta
1177 1220 1246 1286 pru·

146 1319 182 1369 28
196 1314 310 1372 dentia.
354 1302 466 1374 Orator
487 1322 591 1374 metue
615 1324 653 1373 ne
678 1314 861 1390 languescat
886 1319 1060 1388 senectute3
1089 1321 1138 1374 est
1163 1314 1246 1373 enirn

197 1430 308 1478 muuus
331 1419 396 1478 eius
418 1428 480 1478 nen
497 1419 604 1496 ingeni
621 1419 729 1492 solum,
746 1420 801 1478 sed
815 1419 948 1479 laterum
965 1419 1060 1478 etiarn
1075 1425 1106 1478 et
1121 1419 1244 1479 virium.
1273 1432 1298 1472 10

197 1524 330 1585 Omn‘o
358 1543 374 1583 c
417 1533 505 1583 erum
534 1524 614 1584 illud
639 1525 672 1583 in
696 1532 770 1583 voce
798 1525 989 1601 splendescit
1017 1525 1114 1584 etiam
1142 1525 1246 1585 nescio

197 1543 425 1729 qfflh
446 1636 616 1705 senectute,
632 1630 715 1708 quod
731 1630 880 1709 'equidem
903 1630 1004 1690 adhuc
1021 1638 1084 1689 nen
1098 1640 1198 1704 amisi,
1214 1637 1247 1691 et

197 1735 311 1794 videtis
332 1744 437 1794 annos
483 1736 543 1795 Sed
564 1741 667 1795 taruen
691 1740 739 1794 est
760 1737 890 1795 decer-us
912 1745 980 1795 seni
1000 1743 1101 1795 sermo
1121 1736 1247 1813 quietus

197 1849 228 1900 et
257 1851 415 1915 remissus,
438 1841 577 1919 facitque
603 1858 659 1918 per
683 1849 715 1900 se
740 1841 809 1919 ipsa
833 1841 894 1900 sibi
918 1841 1110 1900 audientiam
1135 1842 1248 1901 diserti

198 1946 281 2006 senis
313 1946 486 2023 composita
514 1952 545 2004 et
573 1945 659 2004 mitis
688 1945 794 2004 ‹ir-atio.
838 1946 937 2015 Quam
965 1956 993 2005 si
1020 1946 1088 2024 ipse
1119 1957 1249 2025 exsequi
1274 1968 1299 2007 15

197 2061 342 2128 requeis,
358 2061 460 2128 possis
480 2056 587 2110 tamen
609 2050 748 2128 Scipieni
766 2050 943 2128 praecipere
959 2056 992 2110 et
1006 2051 1122 2110 Laelio.
1166 2052 1247 2121 Quid

198 2157 281 2215 enirn
309 2162 358 2217 est
385 2156 551 2216 iucundius
581 2161 740 2216 senectute
765 2146 884 2232 stiput'e.
908 2156 1022 2215 studiis
1046 2156 1247 2216 inveniritis?

147 2267 183 2319 29
198 2261 248 2320 An
271 2271 309 2321 ne
330 2261 403 2321 illes
418 2261 543 2338 quidem
565 2270 647 2320 vires
669 2265 824 2319 senectuti
845 2260 1066 2337 relinquemus,
1088 2267 1124 2319 ut
1146 2260 1248 2320 adule-

198 2372 313 2426 scentis
338 2367 456 2440 doceat,
480 2366 635 2440 instituat,
661 2366 700 2424 ad
725 2384 816 2424 omne
841 2363 922 2424 offici
945 2376 1058 2424 munus
1083 2367 1246 2425 instruat?

198 2481 260 2550 que
279 2472 406 2549 quidem
421 2489 513 2547 opere
528 2470 604 2548 quid
618 2474 723 2547 potest
737 2488 805 2529 esse
820 2470 1037 2547 praeclerius?
1079 2471 1161 2529 Mihi
1175 2479 1248 2530 vere
1273 2483 1300 2522 20

198 2583 230 2637 et
252 2577 306 2638 (ln.
330 2582 362 2636 et
383 2577 417 2635 P.
441 2576 600 2652 Scipiones
622 2580 654 2635 et
675 2585 727 2635 avi
751 2580 799 2634 tui
824 2575 894 2649 duo,
917 2576 951 2634 L.
975 2574 1130 2634 Aemilius
1155 2581 1188 2636 et
1211 2577 1246 2635 P.

182 2765 254 2815 Sex.
268 2763 382 2813 Aelius.
419 2760 479 2811 Sex.
492 2758 583 2809 Aelius
595 2762 703 2821 Paetus,
740 2766 848 2822 praetor
870 2760 925 2810 and
946 2774 1049 2819 censor,
1073 2760 1126 2810 and
1151 2754 1245 2810 served
1270 2761 1300 2811 in

148 2839 241 2889 consul
259 2839 305 2888 198
323 2837 376 2886 aud
395 2850 490 2886 censor
506 2837 553 2884 194
570 2851 634 2896 n.c.‚
650 2850 705 2886 was
741 2836 786 2884 the
810 2849 866 2886 war
888 2837 994 2898 against
1017 2836 1161 2885 Hannibal.
1201 2836 1241 2885 As
1265 2837 1300 2887 he

148 2931 198 2966 oue
212 2915 240 2964 of
255 2915 301 2963 the
317 2921 388 2962 most
403 2911 599 2974 distinguished
615 2912 645 2961 oi
660 2913 705 2961 the
740 2910 803 2960 died
826 2912 854 2960 iu
879 2912 926 2961 183
946 2927 1006 2972 uc,
1027 2912 1199 2974 thirty-three
1220 2926 1300 2974 years

148 2991 221 3053 early
239 2990 337 3052 jurists.
376 2989 417 3037 He
436 2995 519 3038 wrote
538 3002 554 3037 a
571 3002 705 3037 commen·
740 2986 832 3037 before
844 2989 889 3037 the
907 2988 1040 3051 supposed
1056 2988 1118 3037 date
1130 2988 1159 3037 of
1175 2988 1229 3037 this
1241 2988 1299 3038 dia-

148 3073 208 3130 tary
219 3080 292 3129 upon
310 3066 356 3114 the
375 3066 436 3113 XII.
457 3064 563 3114 Tables.
601 3063 701 3124 Cicero,
741 3062 826 3126 logue,
847 3066 924 3114 modo
943 3071 1016 3113 must
1034 3065 1067 3113 be
1087 3063 1249 3113 understood
1270 3065 1300 3113 in

149 3146 226 3194 Brut.
249 3143 289 3202 78,
310 3142 372 3190 thus
388 3139 486 3203 speaks
508 3141 537 3189 of
559 3141 623 3199 him,
646 3141 703 3191 Sex.
741 3153 757 3189 a
771 3139 881 3189 relative
895 3154 982 3201 sense,
999 3141 1051 3188 “in
1066 3140 1135 3189 later
1145 3139 1254 3201 times,”
1269 3154 1300 3190 as

148 3222 253 3278 Aelius,
274 3221 343 3267 iteris
360 3219 466 3279 quidem
483 3219 570 3266 civilis
588 3219 704 3266 eutitium
741 3215 860 3277 opposed
876 3221 905 3265 to
922 3219 1016 3266 meritis
1033 3219 1114 3267 aunis
1131 3222 1199 3267 cute.

143 3295 395 3358 peritissimeque
414 3296 494 3344 etium
513 3294 704 3343 addicendum
774 3292 826 3342 Cn.
848 3296 881 3342 et
904 3294 936 3341 Ρ.
958 3293 1128 3354 Scipienes.
1166 3291 1216 3341 Cn.
1235 3291 1298 3340 Cor-

143 3379 266 3434 porotus.
741 3365 828 3417 uellus
857 3368 954 3429 Scipi0‚
985 3367 1064 3417 uncle
1093 3367 1121 3416 of
1153 3367 1301 3417 Africanus

181 3449 212 3496 P.
230 3448 364 3498 Crassus.
403 3446 430 3493 P.
446 3444 564 3493 Licinius
582 3443 702 3503 Crassus,
742 3443 837 3504 Maior,
858 3458 913 3493 was
936 3443 1031 3493 consul
1054 3444 1082 3492 in
1104 3445 1152 3492 222
1176 3457 1240 3504 r.c.;
1269 3445 1300 3494 P.

148 3522 241 3571 consul
265 3523 314 3571 205
337 3535 401 3581 n.o.,
421 3535 476 3569 was
497 3519 577 3568 noted
598 3519 640 3568 ior
663 3520 704 3568 his
742 3517 881 3569 Cornelius
893 3519 989 3581 Scipi0‚
1001 3519 1131 3569 latherol
1142 3519 1298 3580 Africanus,

148 3605 223 3660 great
234 3596 302 3660 legal
314 3597 498 3656 attainnreuts,
509 3610 542 3645 ou
553 3601 667 3645 account
677 3595 705 3643 ol
742 3607 797 3643 was
812 3596 905 3645 consul
921 3597 969 3644 218
986 3610 1036 3645 ac.
1051 3594 1105 3644 aud
1122 3594 1301 3644 commanded

148 3673 235 3722 which
247 3674 280 3722 he
294 3687 348 3722 was
364 3673 461 3722 choseu
479 3672 605 3721 Pontifex
621 3672 704 3720 Maxi·
741 3671 788 3719 the
801 3672 920 3721 Romans
932 3672 960 3720 in
971 3671 1018 3720 the
1030 3670 1114 3720 battle
1130 3671 1159 3720 oi
1174 3672 1220 3720 the
1231 3670 1301 3720 Tici-

147 3761 217 3798 mus.
263 3751 305 3800 He
328 3748 384 3798 also
410 3747 472 3797 held
496 3748 542 3797 the
565 3746 654 3797 offices
676 3747 704 3796 ot
741 3761 799 3797 nus.
831 3748 888 3797 The
901 3753 953 3797 two
962 3747 1086 3797 brothers
1095 3746 1190 3797 served
1198 3745 1301 3797 several
