2782 4162
145 297 186 361 84
419 285 522 351 CATO
547 285 678 351 Milon
702 285 754 350 DE
780 285 1021 351 SENECTUTE.

196 471 345 531 sermonis
367 471 551 532 aviditatem
573 471 669 546 auxit,
688 471 823 549 potionis
844 477 876 531 et
895 471 958 532 cibi
976 471 1115 533 sustulit.
1159 471 1249 542 Quod

196 586 223 635 si
244 596 337 655 quem
358 577 454 637 etiam
475 577 538 637 ista
558 577 715 637 delectant
734 579 788 656 (ne
809 585 935 636 omnino
956 576 1074 636 bellurn
1095 576 1248 636 indixisse

196 683 303 742 videar
316 682 480 761 voluptati,
493 681 581 741 cilius
594 686 642 742 est
657 681 790 742 fortasse
803 682 931 759 quidam
942 682 1095 741 naturalis
1108 682 1247 759 modus),

197 797 258 846 uon
283 788 432 863 intellego
453 797 492 846 ne
514 787 548 845 in
568 786 640 847 istis
661 786 787 864 quidem
809 786 885 864 ipsis
905 786 1122 864 voluptatibus
1144 795 1248 846 carere

197 902 289 952 seusu
306 897 507 952 senectutem.
551 893 604 951 Me
620 900 692 951 vero
708 896 739 951 et
755 891 936 967 magisteria
952 891 1110 952 delectant
1125 900 1143 950 a
1156 891 1249 950 maio
1287 903 1300 945 u

197 998 283 1058 ribus
310 997 458 1057 instituta
482 1003 513 1056 et
539 997 567 1057 is
592 1005 701 1071 sermo,
725 1007 780 1075 qui
805 1005 890 1056 more
911 997 1064 1056 maiorum
1086 1005 1105 1056 a
1128 1004 1248 1056 summo

197 1102 363 1162 adhibetur
387 1102 419 1161 in
444 1102 563 1180 poculo,
579 1108 612 1161 et
640 1102 758 1179 pocula,
786 1107 867 1162 sicut
894 1101 927 1161 in
957 1101 1122 1180 Symposio
1146 1103 1249 1161 Xeno

197 1207 325 1285 phontis
346 1212 402 1282 est,
426 1208 548 1267 minuta
569 1213 663 1284 atque
687 1206 826 1266 rorantia
850 1211 883 1267 et
907 1206 1103 1282 refrigeratio
1128 1211 1248 1266 aestate

197 1319 229 1372 et
243 1312 382 1373 vicissim
405 1318 459 1372 aut
480 1312 527 1373 sol
548 1317 603 1372 aut
624 1311 706 1389 iguis
728 1312 892 1387 hibe1·nus;
916 1330 996 1389 quae
1011 1311 1137 1390 quidem
1153 1312 1248 1372 etiam

197 1419 231 1476 in
253 1419 374 1477 Sabinis
397 1427 542 1495 persequi
565 1417 649 1476 soleo
674 1416 914 1494 conviviumque
936 1425 1110 1476 vicinorum
1135 1416 1249 1476 cotidie
1276 1430 1300 1471 10

197 1523 345 1600 compleo,
361 1523 447 1600 quod
460 1523 500 1582 ad
515 1522 647 1581 multam
661 1526 793 1596 noctem,
810 1540 904 1599 quam
920 1521 1054 1582 maxime
1073 1540 1248 1600 possumus,
1271 1502 1273 1508 Α

147 1639 181 1691 47
198 1629 283 1687 vario
306 1637 446 1688 sermone
467 1618 764 1705 producimuslidAt
784 1635 847 1686 non
868 1632 917 1687 est
938 1627 1137 1705 voluptatum
1159 1632 1250 1687 tanta

198 1734 287 1811 quasi
310 1733 453 1793 titillatio
475 1733 507 1791 in
529 1733 664 1793 senibus.
709 1732 816 1805 Credo,
839 1733 953 1792 sedne
975 1732 1162 1793 desideratio
1183 1733 1249 1810 qui-

198 1840 285 1914 de1n3
307 1839 388 1897 nihil
405 1843 508 1899 autem
525 1844 573 1897 est
588 1838 763 1913 molestum,
781 1838 864 1916 quod
878 1846 940 1897 non
955 1838 1119 1898 desideres.
1163 1839 1248 1898 'Bene

199 1943 376 2022 Sophocles,
392 1963 463 2004 oum
484 1962 523 2003 ex
542 1952 578 2004 eo
598 1944 725 2021 quidam
740 1943 803 2003 iam
818 1943 943 2003 adfecti)
957 1948 1061 2003 aetate
1075 1948 1248 2021 quaereret,
1276 1962 1301 2003 us

197 2055 377 2109 utereturne
400 2049 490 2108 rebus
513 2049 666 2109 veneriis:
691 2049 747 2106 ‘Di
768 2048 930 2108 melioral’
953 2048 1074 2125 inquit3
1097 2048 1250 2108 ‘libenter

196 2163 270 2214 vero
298 2154 391 2214 istinc
420 2159 501 2214 sicut
529 2155 567 2214 ab
596 2154 721 2215 domino
749 2159 866 2229 agresti
893 2172 927 2213 ao
955 2153 1074 2214 furioso
1099 2153 1248 2231 profugi!
1312 2152 1316 2159 ’

197 2261 327 2339 Cupidis
349 2260 433 2320 enim
455 2269 558 2319 rerum
579 2259 692 2319 talium
713 2259 855 2319 odiosum
878 2260 1012 2319 fortasse
1033 2263 1065 2318 et
1082 2258 1248 2318 molestum

196 2372 245 2425 est
270 2375 381 2439 carere,
408 2364 531 2425 satiatis
557 2373 630 2424 vero
654 2368 687 2423 et
713 2363 845 2442 expletis
874 2363 1040 2423 iucundius
1069 2368 1118 2424 est
1145 2373 1248 2423 carere

196 2491 288 2549 quam
315 2471 386 2530 frui.
430 2470 626 2548 Quamquam
649 2477 712 2529 non
737 2475 822 2529 caret
846 2468 883 2543 is,
909 2478 964 2547 qui
988 2477 1049 2527 non
1075 2469 1248 2545 desiderat3
1275 2489 1301 2528 eo

146 2589 182 2638 48
196 2584 269 2653 ergo
290 2576 347 2635 hoc
369 2583 431 2634 non
453 2575 629 2635 desiderare
646 2575 714 2634 dico
731 2592 800 2634 esse
815 2573 990 2634 iucundius.
1034 2573 1123 2644 Quod
1138 2583 1165 2632 si
1178 2573 1248 2634 istis

196 2683 273 2760 ipsis
288 2681 505 2758 voluptatibus
527 2680 608 2741 bona
622 2686 709 2740 aetas
723 2679 843 2739 fruitur
857 2679 1016 2754 libentius,
1032 2688 1167 2757 primum
1182 2697 1250 2758 par-

196 2788 279 2847 vulis
300 2786 418 2845 fruitur
436 2787 535 2860 rebus,
551 2792 587 2845 ut
609 2785 755 2860 diximus,
771 2784 884 2844 deiude
903 2794 957 2859 eis,
974 2784 1086 2862 quibus
1105 2789 1249 2845 senectus

197 2892 320 2952 etiarnsi
344 2899 406 2950 non
427 2891 549 2951 abunde
574 2896 703 2968 potitur,
726 2898 789 2949 non
814 2898 939 2950 omnino
964 2896 1057 2948 caret.
1102 2889 1148 2949 Ut
1174 2891 1249 2949 Tur-

178 3077 358 3139 magieterie.
400 3074 640 3136 “Presidencies‚”
665 3088 704 3124 re·
741 3075 840 3126 delicia
852 3078 881 3124 to
893 3073 987 3124 attend
1002 3078 1030 3123 to
1045 3073 1091 3123 the
1106 3073 1300 3139 cleb-dionem,

145 3153 248 3214 ferring
259 3158 287 3201 to
301 3151 346 3200 the
361 3149 435 3200 office
451 3150 480 3199 oi
496 3155 596 3200 master
613 3150 641 3199 oi
658 3150 704 3199 the
741 3149 795 3199 and
817 3150 917 3213 having
940 3163 1013 3199 more
1039 3150 1187 3211 important
1211 3149 1303 3201 duties

145 3229 224 3286 feast,
234 3229 369 3290 mactatu,
379 3241 432 3286 rea,
441 3240 472 3275 or
480 3228 582 3277 arbiter
589 3227 704 3285 bibendi,
740 3227 807 3276 than
819 3226 895 3276 those
908 3224 937 3275 oi
948 3226 994 3275 the
1005 3227 1106 3277 arbiter
1119 3227 1231 3277 bibendi.

145 3303 354 3365 corresponding
370 3309 398 3352 to
416 3303 461 3352 the
479 3301 567 3352 Greek
583 3305 704 3360 συμποσὶ-
774 3302 947 3366 Symposio.
982 3302 1039 3351 The
1059 3302 1185 3364 Banquet
1204 3301 1233 3351 oi
1255 3302 1303 3353 the

146 3397 230 3441 αρχος.
266 3379 293 3427 A
316 3379 436 3428 member
456 3377 485 3427 oi
505 3378 550 3427 the
570 3391 703 3441 company
740 3377 938 3440 Pliilosophers‚
957 3391 992 3427 an
1010 3378 1161 3441 imaginary
1178 3377 1303 3440 dialogue

145 3469 201 3506 was
218 3454 317 3504 ehosen
336 3455 371 3517 by
389 3454 427 3503 lot
445 3459 473 3503 to
490 3453 596 3516 preside
613 3458 641 3503 at
657 3454 704 3503 the
740 3454 863 3503 between
875 3453 1000 3504 Socrates
1012 3453 1067 3503 and
1077 3453 1120 3503 his
1131 3453 1235 3504 friends
1248 3458 1303 3504 eta

145 3532 264 3593 banquet
292 3530 346 3580 and
374 3529 434 3578 lead
462 3530 491 3579 in
524 3530 570 3579 the
604 3543 705 3592 marry-
722 3566 724 3573 .
740 3529 838 3580 diuner
850 3530 927 3591 given
939 3530 977 3593 by
986 3529 1032 3579 the
1041 3529 1181 3580 Athenian
1193 3529 1303 3580 Callias.

147 3606 263 3670 making.
301 3605 369 3655 Reid
392 3605 475 3654 refers
499 3608 653 3668 mapisterr'a
676 3612 704 3655 to
773 3607 931 3667 Turpione
965 3606 1065 3655 Lucius
1076 3605 1220 3655 Ambivius
1234 3606 1303 3655 Tur-

146 3680 248 3733 offieers
270 3680 372 3732 elected
395 3680 524 3744 aunually
545 3681 581 3743 by
601 3681 647 3731 the
666 3696 705 3732 so
722 3690 724 3724 Ι
741 3681 785 3744 pio
809 3696 863 3732 was
886 3683 932 3732 the
955 3686 1026 3732 most
1047 3681 1130 3732 noted
1152 3687 1228 3732 actor
1247 3677 1303 3732 aud
