2782 4162
568 244 754 301 ennecus
778 245 802 301 1.
1217 250 1258 316 47

160 423 357 502 prudentiam
379 422 537 500 intellege.
579 422 623 483 Et
642 427 749 483 tamen
767 429 800 483 te
822 423 962 501 suspicor
979 423 1095 485 eisdem
1117 423 1209 484 rebus

160 529 272 606 quibus
288 539 336 588 me
350 529 454 606 ipsum
468 528 626 588 interdum
642 528 768 603 gravius
782 538 979 603 commoveri,
994 538 1127 607 quarum
1142 538 1210 589 con-

161 634 271 695 solatio
283 646 315 694 et
326 635 426 693 maior
436 639 485 694 est
496 640 527 693 et
539 634 572 693 in
583 633 671 693 aliud
680 639 805 710 tempus
820 632 1005 694 differenda.
1040 635 1133 693 Nunc
1144 639 1210 694 aut-

109 749 127 799 2
160 759 209 799 em
218 749 320 799 visum
331 745 379 799 est
388 739 513 798 mihide
523 744 683 799 senectute
692 738 813 816 aliquid
821 739 862 799 ad
870 743 902 798 te
911 740 1112 800 conscribere.
1139 740 1209 800 Hoc

160 845 242 904 enim
260 864 361 920 onere,
378 845 461 922 quod
480 843 558 902 mihi
574 854 737 904 commune
755 850 858 903 tecum
877 845 1082 918 astantiam
1101 864 1211 920 urgen-
1248 867 1260 903 s

160 951 202 1010 tis
216 956 271 1009 aut
286 929 369 1010 certe
384 949 586 1010 adventantis
603 949 775 1010 senectutis
793 955 825 1009 et
839 955 871 1009 te
886 935 980 1009 etme
995 949 1089 1010 etiam
1104 950 1208 1028 ipsum

161 1056 259 1115 levari
274 1054 359 1131 volo;
382 1060 441 1115 etsi
454 1060 486 1115 te
501 1055 627 1132 quidem
643 1054 676 1114 id
690 1055 810 1115 modice
824 1073 860 1114 ac
874 1055 1041 1132 sapienter,
1054 1060 1134 1116 siout
1149 1074 1212 1114 om-

160 1161 221 1235 nia,
237 1167 269 1220 et
287 1161 370 1220 ferre
386 1166 418 1220 et
435 1160 574 1220 laturum
591 1179 659 1221 esse
677 1167 762 1220 certo
782 1160 853 1221 scio.
898 1160 960 1220 Sed
978 1160 1065 1235 mihi,
1081 1179 1152 1220 cum
1171 1161 1209 1220 de

161 1272 320 1326 senectute
340 1266 453 1326 vellem
474 1266 595 1343 aliquid
616 1266 815 1340 scribere,ts1
836 1267 1017 1326 occurrebas
1039 1266 1152 1342 dignus
1173 1275 1209 1326 eo

161 1383 296 1445 munere,
315 1380 376 1449 quo
393 1377 525 1449 uterque
545 1377 688 1431 nostrum
710 1371 917 1431 communiter
935 1377 1083 1431 uteretur.
1127 1372 1209 1431 Mihi
1235 1392 1259 1431 m

161 1478 286 1556 quidem
307 1477 353 1537 ita
369 1478 506 1536 iucunda
521 1477 615 1536 huius
634 1476 707 1536 libri
724 1477 880 1537 confectio
897 1477 970 1550 fuit,
987 1483 1022 1535 ut
1041 1485 1104 1536 non
1118 1479 1209 1537 modo

161 1593 261 1643 omnis
272 1582 456 1642 absterserit
477 1581 648 1642 senectutis
669 1581 838 1655 molestias,
855 1582 911 1641 sed
930 1581 1069 1642 effecerit
1083 1583 1210 1641 mollem

161 1689 255 1748 etiam
267 1694 299 1747 et
309 1687 477 1747 ineundam
490 1693 690 1747 senectutem.
720 1688 901 1764 Numquam
916 1686 1014 1764 igitur
1025 1687 1103 1748 satis
1117 1688 1209 1764 digne

161 1793 281 1853 laudari
302 1793 503 1871 philosophia
526 1793 654 1870 poterit,
677 1793 728 1852 cui
750 1802 804 1870 qui
833 1797 948 1870 pareat,
971 1811 1062 1851 omne
1084 1798 1208 1870 tempus

110 1905 127 1955 3
161 1898 274 1959 aetatis
286 1897 353 1958 sine
364 1897 508 1957 molestia
518 1898 619 1975 possit
628 1898 747 1974 degere.
783 1897 843 1957 Sed
855 1898 894 1956 de
905 1903 1016 1958 ceteris
1029 1903 1060 1957 et
1071 1897 1207 1957 diximus
1235 1920 1260 1959 is

161 2005 262 2064 multa
282 2010 313 2063 et
334 2022 426 2081 saepe
452 2003 606 2078 dicemus,
635 2002 718 2062 hune
739 2003 854 2063 librum
877 2003 917 2062 ad
937 2008 969 2063 te
990 2003 1028 2061 de
1048 2007 1210 2063 senectute

161 2109 311 2170 misimus.
348 2108 479 2168 Omnem
494 2114 599 2168 autem
615 2116 788 2168 sermonem
802 2108 970 2168 tribuimus
986 2116 1046 2166 non
1063 2108 1207 2183 Tithono,

110 2311 220 2362 culture.
244 2308 663 2372 Cf.the1lnglish“humanity'’
701 2315 765 2359 note
798 2309 853 2359 this
885 2323 960 2360 same
998 2310 1197 2361 characteristic
1231 2311 1260 2361 of

110 2389 139 2438 in
150 2390 195 2438 the
209 2401 288 2437 sense
302 2386 331 2436 of
350 2386 472 2435 “liberal
489 2385 663 2442 education.”
703 2385 832 2435 Atticus?

109 2465 163 2514 and
178 2465 249 2513 “the
261 2462 452 2512 humanities”
466 2462 621 2524 equivalent
637 2468 666 2510 to
735 2463 828 2512 certo.
878 2462 947 2510 How
969 2460 1033 2511 does
1054 2462 1109 2511 this
1131 2461 1209 2512 differ
1231 2464 1258 2511 in

111 2544 129 2569 “
138 2540 268 2589 branches
280 2538 309 2587 of
326 2537 408 2600 polite
426 2538 578 2601 learning,’'
593 2551 666 2600 espe-
701 2536 775 2587 foroe
787 2537 856 2586 from
869 2539 955 2589 certe?

109 2616 188 2678 cially
204 2616 275 2664 “the
287 2615 427 2664 classics.”
734 2615 905 2664 issoundam.
942 2613 1007 2662 This
1027 2611 1107 2663 effect
1127 2612 1191 2663 does
1211 2621 1259 2662 not

142 2693 309 2742 commi'me.
347 2688 440 2740 Cicero
450 2703 505 2740 was
518 2690 666 2753 sixty·two,
702 2703 774 2738 seem
797 2694 826 2738 to
848 2688 917 2738 have
935 2689 1005 2738 been
1027 2688 1140 2753 lasting;
1164 2690 1198 2739 cf.
1216 2691 1260 2740 Ad

108 2768 216 2817 Atticus
227 2765 370 2828 sixty-five.
703 2767 756 2815 Ati.
777 2765 852 2814 XIV.
869 2766 910 2826 21,
924 2765 948 2825 3,
964 2767 1101 2828 Legendca
1118 2767 1186 2816 mibi
1202 2781 1260 2816 sae·
1346 2770 1349 2775 '

142 2844 321 2895 senectutis.
355 2842 544 2891 Tthomans
557 2841 666 2890 divided
698 2844 763 2903 pica
781 2848 819 2891 est
845 2841 912 2892 Octo
935 2844 1024 2892 cnaior
1045 2843 1082 2892 ad
1104 2849 1128 2892 te
1151 2844 1256 2893 missos.

107 2920 153 2969 the
176 2919 223 2969 life
246 2918 275 2967 of
298 2931 361 2967 man
381 2919 438 2967 into
460 2919 506 2967 the
529 2917 666 2980 following
703 2919 872 2967 Amoriorem
891 2920 962 2966 enim
981 2932 1021 2967 me
1040 2924 1160 2968 senectus
1176 2919 1254 2980 facit.

108 2995 222 3058 periods,
237 2994 303 3044 each
321 2993 349 3042 oi
365 2994 412 3043 the
429 2993 488 3043 first
504 2993 567 3043 four
584 2995 666 3042 about
704 2992 865 3044 Stomachus
876 2995 975 3042 omnia.

107 3071 202 3120 fifteen
214 3083 292 3132 years
301 3070 328 3118 in
336 3069 442 3133 length:
457 3073 587 3132 pueritia,
600 3071 666 3119 cdo·
734 3069 1053 3136 lauderiphssosophia
1062 3070 1184 3131 poterit.
1206 3070 1259 3118 For

108 3149 243 3207 lescentt'o,
269 3149 401 3207 iuventas,
422 3153 497 3197 acics
517 3149 662 3205 seniorum,
701 3143 820 3193 Cicero's
833 3144 896 3206 high
914 3145 1023 3204 opinion
1041 3143 1069 3192 oi
1086 3145 1255 3207 philosophy,

107 3229 234 3273 senectus.
269 3222 348 3272 Some
360 3222 388 3271 of
405 3222 480 3272 these
498 3227 582 3271 terms
596 3235 664 3271 were
701 3220 735 3271 cf.
754 3219 830 3270 Taso.
843 3221 876 3270 V.
888 3221 911 3276 2.
925 3221 947 3278 ὃ,
963 3219 984 3269 O
1001 3222 1070 3270 citae
1083 3222 1257 3283 philosophia

107 3297 287 3360 occasionally
315 3296 383 3347 used
411 3297 522 3360 loosely,
550 3297 665 3346 without
701 3297 774 3347 dite!
817 3296 839 3347 Ο
860 3299 967 3346 virtutis
989 3297 1146 3359 indagatrix
1169 3301 1258 3359 expul-

106 3375 184 3424 strict
201 3374 297 3437 regard
315 3373 359 3423 ior
375 3374 422 3423 the
439 3380 517 3424 exact
534 3373 665 3423 divisione
701 3375 805 3434 trimae
817 3371 963 3423 citiorum!

106 3449 136 3500 oi
152 3450 254 3500 human
271 3449 318 3499 life
335 3455 364 3499 to
382 3450 468 3500 which
485 3450 551 3512 they
563 3450 665 3499 techni·
734 3449 877 3498 Tithono.
912 3448 968 3496 The
988 3460 1036 3496 son
1056 3447 1085 3495 of
1104 3448 1258 3497 Laomedon

106 3525 176 3588 cally
189 3525 327 3589 belonged.
701 3523 755 3573 and
768 3522 891 3572 husband
906 3523 934 3571 oi
952 3524 1067 3572 Aurora.
1104 3523 1136 3572 In
1153 3537 1259 3573 answer

139 3603 269 3653 modice.
316 3601 396 3651 What
418 3602 587 3652 substantive
616 3601 665 3650 has
700 3605 729 3648 to
746 3600 795 3648 her
811 3613 929 3662 prayers‚
944 3599 1051 3659 Jupiter
1070 3599 1182 3660 granted
1201 3600 1257 3648 him

106 3675 201 3727 Cicero
222 3677 375 3741 previously
399 3678 540 3742 employed
569 3683 597 3725 to
620 3676 664 3725 de·
701 3675 793 3738 length
817 3675 845 3723 of
868 3675 943 3737 days,
969 3675 1017 3722 but
1046 3680 1094 3722 not
1122 3673 1257 3724 immortal
