2782 4162
127 281 190 351 108
404 271 507 340 orno
532 272 663 339 Meron
688 271 740 337 ΒΕ
766 269 1005 338 sennonem.

640 561 767 622 XXIII.

130 732 165 782 82
220 717 321 793 Cyrus
339 717 465 794 quidem
484 718 560 777 haec
582 717 734 792 moriens3
756 724 822 791 nos,
837 725 865 775 si
880 715 990 793 placet,
1007 719 1115 774 nostra
1128 713 1233 774 videet

182 840 259 880 mus.
302 822 402 881 Neme
417 842 565 901 umquam
582 821 669 895 mihi,
687 821 799 899 Scipie,
814 819 1014 900 persuadebit
1036 825 1090 879 aut
1110 824 1231 896 patrem

182 932 270 986 tuum
295 927 429 986 Paulum
454 933 509 988 aut
533 927 610 988 dues
634 936 717 1001 avos,
741 926 876 986 Paulum
902 932 934 986 et
958 917 1152 997 Africanum,
1177 929 1232 982 aut

182 1021 327 1091 Africam
341 1038 459 1110 patrem
479 1038 533 1092 aut
553 1039 699 1110 patruum
720 1037 774 1092 aut
797 1033 911 1093 muttes
933 1036 1123 1109 praestantis
1137 1029 1231 1103 vinee,

183 1147 260 1215 ques
282 1147 461 1197 enumerare
484 1146 544 1196 nen
566 1143 614 1198 est
635 1156 769 1210 necesse,
792 1143 881 1198 tanta
905 1156 973 1197 esse
995 1141 1129 1211 ceneten,
1152 1153 1233 1212 quae
1271 1156 1285 1196 s

184 1243 223 1302 ad
238 1243 433 1320 posteritatis
450 1243 629 1302 memoriam
647 1242 847 1321 pertinerent,
864 1242 925 1301 nisi
946 1241 1050 1301 anime
1071 1245 1233 1301 cernerent

183 1348 398 1427 posteritatem
422 1347 461 1406 ad
483 1358 515 1407 se
524 1338 621 1426 ‚ipses
646 1347 811 1425 pertinere.
853 1347 905 1406 An
929 1356 1045 1421 censeS,
1067 1352 1103 1407 ut
1124 1345 1162 1405 de
1184 1355 1233 1405 me

184 1452 252 1530 ipse
266 1452 386 1529 aliquid
400 1462 483 1511 more
499 1472 608 1512 senum
629 1453 751 1530 glorier,
769 1463 817 1514 me
837 1458 941 1513 tentes
963 1452 1082 1512 lateres
1105 1451 1233 1510 diurnos

184 1563 411 1636 nocturnosque
424 1558 509 1618 domi
522 1558 714 1637 militiaeque
727 1564 945 1636 susceptarum
957 1557 1065 1632 fnisse,
1078 1567 1105 1616 si
1115 1556 1234 1617 eisdem

185 1662 303 1722 finibus
325 1663 456 1739 gloriam
477 1682 586 1738 meam,
602 1664 714 1741 quibus
737 1669 843 1739 vitam,
859 1681 959 1723 essem
981 1662 1233 1723 terminetdrus?
1259 1683 1285 1724 ιο

185 1769 296 1827 Nerine
308 1769 421 1828 melius
433 1768 531 1827 multe
543 1768 658 1828 fuisset
672 1769 802 1829 etiesam
817 1774 950 1829 aetatem
966 1773 998 1828 et
1013 1768 1152 1846 quietam
1166 1767 1234 1828 sine

184 1873 251 1933 erile
262 1879 294 1933 et
303 1874 406 1933 labore
416 1879 449 1932 et
459 1874 657 1933 contentione
669 1874 855 1937 tredncere?
887 1874 949 1934 Sed
959 1872 1235 1952 nesciequomodo

186 1978 307 2037 enimus
336 1978 458 2054 erigens
486 1989 519 2037 se
544 1979 762 2056 posteritatem
790 1979 836 2039 ite
863 1998 986 2058 semper
1016 1979 1233 2058 prospiciebat,

187 2084 285 2161 quest,
307 2103 377 2143 cum
400 2083 587 2143 excessisset
608 2094 624 2142 e
646 2090 720 2158 vite,
736 2089 803 2145 tum
825 2085 958 2162 denique
979 2092 1121 2146 victurus
1141 2091 1233 2145 esset.

186 2189 275 2258 Quod
290 2189 416 2265 quidem
430 2198 463 2247 ni
477 2188 523 2249 ita
537 2197 569 2248 se
587 2189 723 2262 heberet,
739 2195 775 2250 ut
792 2189 888 2249 animi
909 2190 1102 2251 immortales
1119 2195 1233 2266 essent,
1261 2206 1288 2247 rc

186 2293 270 2353 haud
292 2294 405 2370 optimi
426 2294 557 2372 cniusqu
614 2368 617 2373 ι
642 2293 721 2355 ‘mus
745 2295 878 2355 maxime
902 2296 942 2355 ad
966 2295 1235 2355 immortalitatem

137 2414 171 2463 83
187 2406 219 2459 et
237 2399 368 2476 gleriam
389 2394 574 2459 niteretur&
621 2399 702 2458 uid?
724 2399 808 2477 qnod
829 2400 1081 2479 sapientissimus
1102 2400 1237 2479 quisque

187 2504 375 2581 aequissimo
397 2505 500 2562 anime
522 2504 662 2578 moritur,
683 2505 889 2566 stultissimus
913 2505 1119 2584 iniquissime,
1134 2515 1236 2565 nenne

187 2611 274 2668 vobis
295 2608 420 2668 videtur
437 2609 463 2667 is
486 2609 617 2685 animus,
633 2619 687 2688 qui
708 2609 780 2687 plns
801 2617 907 2670 cernat
929 2617 961 2671 et
980 2611 1115 2688 longius,
1131 2611 1236 2671 videre

188 2723 220 2773 se
235 2713 275 2772 ad
289 2714 417 2772 meliora
432 2713 595 2791 proficisci,
612 2714 900 2790 illeautem,or·1ius
921 2715 1061 2776 obtesior
1082 2716 1126 2776 sit
1146 2716 1236 2791 acies,
1263 2724 1289 2766 2⁰

187 2827 248 2877 nen
271 2818 402 2878 videre?
444 2819 599 2896 Equidem
625 2819 739 2879 efferor
759 2821 864 2879 studio
885 2827 990 2898 patres
1012 2827 1141 2897 vestres,
1160 2830 1237 2899 ques

188 2924 270 2984 colui
284 2928 317 2983 et
331 2925 433 2998 dilexi,
449 2924 586 2999 videndi,
602 2944 703 3002 neque
718 2934 791 2985 vere
806 2935 857 2985 eos
874 2927 953 2987 seles
968 2936 1135 2986 convenire
1152 2935 1238 3001 aveo,
1290 2952 1294 2956 ·

138 3123 200 3159 now
211 3122 279 3171 your
291 3108 493 3169 Epaminondas
512 3109 534 3158 ts
546 3110 622 3171 born,
638 3111 697 3161 who
734 3118 810 3162 noret
832 3127 904 3172 ezras,
931 3127 978 3163 nec
999 3114 1082 3164 tontis
1104 3127 1131 3164 se
1152 3113 1291 3163 latom‘bus

138 3185 196 3234 dies
209 3185 237 3233 in
250 3198 280 3233 so
291 3185 371 3233 much
383 3184 489 3246 glory.”
728 3189 868 3251 sranperet
889 3203 971 3250 neque
991 3195 1029 3240 tot
1048 3191 1120 3239 curis
1139 3190 1291 3252 cipilr'r'sque

171 3265 284 3321 nostra,
299 3263 342 3310 ie.
355 3261 490 3323 examples
505 3260 533 3311 oi
550 3262 604 3312 this
616 3262 698 3312 belief
734 3271 877 3327 caperetur
890 3280 936 3314 nec
949 3267 1025 3315 toties
1037 3266 1067 3315 de
1079 3268 1138 3328 ipsc
1150 3268 1205 3315 cita
1216 3265 1293 3315 dimi·

139 3350 237 3398 among
250 3337 374 3385 Romans.
734 3347 811 3390 caret.

171 3414 277 3462 tantos
298 3413 428 3462 labetes.
477 3412 520 3462 cf.
542 3416 595 3464 Pro
615 3415 696 3465 Aret.
767 3417 807 3466 ad
818 3417 949 3467 meliera.
987 3417 1061 3465 With
1071 3417 1125 3466 this
1136 3428 1247 3479 passage
1256 3414 1292 3467 cf.

140 3488 200 3548 XL,
218 3488 302 3544 Certe,
321 3491 346 3538 εί
367 3490 434 3538 nihil
453 3492 560 3539 animem
573 3505 697 3552 praesen·
734 3493 903 3554 Browning’s
914 3506 1001 3554 poem,
1017 3493 1162 3556 Proripite:
1173 3520 1205 3530 -

139 3566 204 3625 ticet
216 3567 245 3614 in
258 3571 405 3626 posterum,
420 3572 444 3615 rt
455 3569 486 3625 si,
501 3568 598 3628 peritus
614 3570 698 3629 reqio-

140 3641 219 3689 m'tus
238 3643 307 3690 citae
331 3643 447 3702 spatium
468 3645 697 3705 cornmscrrptmn
733 3645 787 3693 For
804 3644 907 3694 sudden
927 3644 971 3694 the
984 3650 1065 3694 worst
1082 3649 1158 3694 turns
1171 3644 1218 3694 the
1232 3644 1294 3694 best

139 3722 185 3777 est,
202 3718 290 3767 eisdem
309 3731 399 3768 ornnes
418 3720 593 3782 copitctr'onee
611 3722 698 3769 termi-
768 3726 796 3769 to
808 3721 853 3770 the
866 3721 954 3771 bravo.
