<?xml version="1.0" encoding="UTF-8"?>
<!DOCTYPE html PUBLIC "-//W3C//DTD XHTML 1.0 Transitional//EN"
    "http://www.w3.org/TR/xhtml1/DTD/xhtml1-transitional.dtd">
<html xmlns="http://www.w3.org/1999/xhtml" xml:lang="en" lang="en">
 <head>
  <title>
</title>
<meta http-equiv="Content-Type" content="text/html;charset=utf-8" />
  <meta name='ocr-system' content='tesseract 3.04.00' />
  <meta name='ocr-capabilities' content='ocr_page ocr_carea ocr_par ocr_line ocrx_word'/>
</head>
<body>
  <div class='ocr_page' id='page_1' title='image "./mtulliciceronis01rockgoog_0099.png"; bbox 0 0 2782 4162; ppageno 0'>
   <div class='ocr_carea' id='block_1_1' title="bbox 131 297 1003 371">
    <p class='ocr_par' dir='ltr' id='par_1_1' title="bbox 131 297 1003 371">
     <span class='ocr_line' id='line_1_1' title="bbox 131 297 1003 371; baseline -0.001 -10"><span class='ocrx_word' id='word_1_1' title='bbox 131 307 173 371; x_wconf 82' lang='lat'><strong>94</strong></span> <span class='ocrx_word' id='word_1_2' title='bbox 404 297 507 362; x_wconf 64' lang='lat' dir='ltr'>CATO</span> <span class='ocrx_word' id='word_1_3' title='bbox 532 298 661 362; x_wconf 68' lang='lat' dir='ltr'><strong>Milon</strong></span> <span class='ocrx_word' id='word_1_4' title='bbox 686 297 738 363; x_wconf 74' lang='lat' dir='ltr'><strong>DE</strong></span> <span class='ocrx_word' id='word_1_5' title='bbox 763 297 1003 363; x_wconf 80' lang='lat' dir='ltr'><strong>SENECTUTE.</strong></span> 
     </span>
    </p>
   </div>
   <div class='ocr_carea' id='block_1_2' title="bbox 86 484 1281 1718">
    <p class='ocr_par' dir='ltr' id='par_1_2' title="bbox 86 484 1281 1718">
     <span class='ocr_line' id='line_1_2' title="bbox 130 484 1226 559; baseline 0.005 -19"><span class='ocrx_word' id='word_1_6' title='bbox 130 491 162 540; x_wconf 87' lang='lat'><strong>61</strong></span> <span class='ocrx_word' id='word_1_7' title='bbox 180 500 259 559; x_wconf 83' lang='lat' dir='ltr'>apex</span> <span class='ocrx_word' id='word_1_8' title='bbox 284 488 332 543; x_wconf 90' lang='lat' dir='ltr'><strong>est</strong></span> <span class='ocrx_word' id='word_1_9' title='bbox 356 489 461 543; x_wconf 90' lang='lat' dir='ltr'><strong>autem</strong></span> <span class='ocrx_word' id='word_1_10' title='bbox 487 484 658 543; x_wconf 84' lang='lat' dir='ltr'><strong>senectutis</strong></span> <span class='ocrx_word' id='word_1_11' title='bbox 682 484 859 543; x_wconf 76' lang='lat' dir='ltr'><strong>auctoritas.</strong></span> <span class='ocrx_word' id='word_1_12' title='bbox 902 485 1025 555; x_wconf 79' lang='lat' dir='ltr'><strong>Quanta</strong></span> <span class='ocrx_word' id='word_1_13' title='bbox 1049 484 1112 544; x_wconf 80' lang='lat' dir='ltr'><strong>luit</strong></span> <span class='ocrx_word' id='word_1_14' title='bbox 1136 484 1169 544; x_wconf 90' lang='lat' dir='ltr'><strong>in</strong></span> <span class='ocrx_word' id='word_1_15' title='bbox 1191 485 1226 546; x_wconf 88' lang='lat' dir='ltr'><strong>L.</strong></span> 
     </span>
     <span class='ocr_line' id='line_1_3' title="bbox 179 588 1227 667; baseline 0.002 -20"><span class='ocrx_word' id='word_1_16' title='bbox 179 588 314 647; x_wconf 82' lang='lat' dir='ltr'><strong>Caecilio</strong></span> <span class='ocrx_word' id='word_1_17' title='bbox 339 589 477 662; x_wconf 83' lang='lat' dir='ltr'><strong>Metello,</strong></span> <span class='ocrx_word' id='word_1_18' title='bbox 504 595 622 665; x_wconf 88' lang='lat' dir='ltr'><strong>quanta</strong></span> <span class='ocrx_word' id='word_1_19' title='bbox 646 589 679 646; x_wconf 92' lang='lat' dir='ltr'><strong>in</strong></span> <span class='ocrx_word' id='word_1_20' title='bbox 703 590 740 648; x_wconf 88' lang='grc' dir='ltr'><strong>Α.</strong></span> <span class='ocrx_word' id='word_1_21' title='bbox 767 589 866 648; x_wconf 80' lang='lat' dir='ltr'><strong>Atilio</strong></span> <span class='ocrx_word' id='word_1_22' title='bbox 891 590 1050 650; x_wconf 76' lang='lat' dir='ltr'><strong>Calatino!</strong></span> <span class='ocrx_word' id='word_1_23' title='bbox 1079 590 1110 647; x_wconf 91' lang='lat' dir='ltr'><strong>iu</strong></span> <span class='ocrx_word' id='word_1_24' title='bbox 1135 610 1227 667; x_wconf 90' lang='lat' dir='ltr'><strong>quem</strong></span> 
     </span>
     <span class='ocr_line' id='line_1_4' title="bbox 86 693 1227 771; baseline 0.004 -21"><span class='ocrx_word' id='word_1_25' title='bbox 86 744 89 750; x_wconf 90' lang='lat'><em>.</em></span> <span class='ocrx_word' id='word_1_26' title='bbox 179 693 259 751; x_wconf 89' lang='lat' dir='ltr'><strong>illud</strong></span> <span class='ocrx_word' id='word_1_27' title='bbox 281 693 432 770; x_wconf 85' lang='lat' dir='ltr'><strong>elogium:</strong></span> <span class='ocrx_word' id='word_1_28' title='bbox 461 694 572 752; x_wconf 89' lang='lat' dir='ltr'><strong>‘Hunc</strong></span> <span class='ocrx_word' id='word_1_29' title='bbox 595 704 691 752; x_wconf 81' lang='lat' dir='ltr'><strong>unum</strong></span> <span class='ocrx_word' id='word_1_30' title='bbox 717 695 868 771; x_wconf 81' lang='lat' dir='ltr'><strong>plurimae</strong></span> <span class='ocrx_word' id='word_1_31' title='bbox 894 696 1094 754; x_wconf 84' lang='lat' dir='ltr'><strong>consentiunt</strong></span> <span class='ocrx_word' id='word_1_32' title='bbox 1118 702 1227 771; x_wconf 78' lang='lat' dir='ltr'><strong>gentes</strong></span> 
     </span>
     <span class='ocr_line' id='line_1_5' title="bbox 179 799 1228 875; baseline 0.004 -19"><span class='ocrx_word' id='word_1_33' title='bbox 179 799 287 875; x_wconf 91' lang='lat' dir='ltr'><strong>populi</strong></span> <span class='ocrx_word' id='word_1_34' title='bbox 309 799 491 875; x_wconf 86' lang='lat' dir='ltr'><strong>primarium</strong></span> <span class='ocrx_word' id='word_1_35' title='bbox 514 799 614 858; x_wconf 86' lang='lat' dir='ltr'><strong>fuisse</strong></span> <span class='ocrx_word' id='word_1_36' title='bbox 634 799 756 858; x_wconf 64' lang='lat' dir='ltr'><strong>virum)</strong></span> <span class='ocrx_word' id='word_1_37' title='bbox 798 800 917 859; x_wconf 83' lang='lat' dir='ltr'><strong>Notum</strong></span> <span class='ocrx_word' id='word_1_38' title='bbox 941 805 990 858; x_wconf 91' lang='lat' dir='ltr'><strong>est</strong></span> <span class='ocrx_word' id='word_1_39' title='bbox 1011 819 1135 859; x_wconf 83' lang='lat' dir='ltr'><strong>carmen</strong></span> <span class='ocrx_word' id='word_1_40' title='bbox 1156 801 1228 860; x_wconf 91' lang='lat' dir='ltr'><strong>inci-</strong></span> 
     </span>
     <span class='ocr_line' id='line_1_6' title="bbox 178 903 1281 982; baseline 0 -21"><span class='ocrx_word' id='word_1_41' title='bbox 178 922 248 962; x_wconf 91' lang='lat' dir='ltr'><strong>sum</strong></span> <span class='ocrx_word' id='word_1_42' title='bbox 276 904 309 962; x_wconf 93' lang='lat' dir='ltr'><strong>in</strong></span> <span class='ocrx_word' id='word_1_43' title='bbox 337 903 486 982; x_wconf 80' lang='lat' dir='ltr'><strong>sepulcro.</strong></span> <span class='ocrx_word' id='word_1_44' title='bbox 531 904 605 963; x_wconf 79' lang='lat' dir='ltr'><strong>Iure</strong></span> <span class='ocrx_word' id='word_1_45' title='bbox 634 904 730 981; x_wconf 88' lang='lat' dir='ltr'><strong>igitur</strong></span> <span class='ocrx_word' id='word_1_46' title='bbox 759 905 872 980; x_wconf 85' lang='lat' dir='ltr'><strong>gravis,</strong></span> <span class='ocrx_word' id='word_1_47' title='bbox 900 905 988 964; x_wconf 79' lang='lat' dir='ltr'><strong>cuius</strong></span> <span class='ocrx_word' id='word_1_48' title='bbox 1015 906 1054 963; x_wconf 79' lang='lat' dir='ltr'><strong>de</strong></span> <span class='ocrx_word' id='word_1_49' title='bbox 1082 905 1226 966; x_wconf 82' lang='lat' dir='ltr'><strong>laudibus</strong></span> <span class='ocrx_word' id='word_1_50' title='bbox 1267 922 1281 961; x_wconf 82' lang='lat' dir='ltr'><strong>s</strong></span> 
     </span>
     <span class='ocr_line' id='line_1_7' title="bbox 178 1009 1224 1087; baseline 0.005 -22"><span class='ocrx_word' id='word_1_51' title='bbox 178 1009 313 1068; x_wconf 88' lang='lat' dir='ltr'><strong>omnium</strong></span> <span class='ocrx_word' id='word_1_52' title='bbox 344 1014 427 1068; x_wconf 90' lang='lat' dir='ltr'><strong>esset</strong></span> <span class='ocrx_word' id='word_1_53' title='bbox 456 1010 540 1068; x_wconf 79' lang='lat' dir='ltr'><strong>fama</strong></span> <span class='ocrx_word' id='word_1_54' title='bbox 569 1010 773 1069; x_wconf 77' lang='lat' dir='ltr'><strong>consentiens,</strong></span> <span class='ocrx_word' id='word_1_55' title='bbox 818 1010 916 1080; x_wconf 78' lang='lat' dir='ltr'><strong>Quem</strong></span> <span class='ocrx_word' id='word_1_56' title='bbox 940 1011 1042 1069; x_wconf 87' lang='lat' dir='ltr'><strong>virum</strong></span> <span class='ocrx_word' id='word_1_57' title='bbox 1068 1021 1168 1087; x_wconf 86' lang='lat' dir='ltr'><strong>miper</strong></span> <span class='ocrx_word' id='word_1_58' title='bbox 1190 1012 1224 1070; x_wconf 92' lang='lat' dir='ltr'><strong>P.</strong></span> 
     </span>
     <span class='ocr_line' id='line_1_8' title="bbox 178 1114 1225 1193; baseline 0.002 -20"><span class='ocrx_word' id='word_1_59' title='bbox 178 1114 334 1188; x_wconf 75' lang='lat' dir='ltr'><strong>Crassum,</strong></span> <span class='ocrx_word' id='word_1_60' title='bbox 350 1114 529 1191; x_wconf 82' lang='lat' dir='ltr'><strong>pontificem</strong></span> <span class='ocrx_word' id='word_1_61' title='bbox 553 1115 732 1188; x_wconf 80' lang='lat' dir='ltr'><strong>maximum,</strong></span> <span class='ocrx_word' id='word_1_62' title='bbox 752 1134 843 1191; x_wconf 92' lang='lat' dir='ltr'><strong>quem</strong></span> <span class='ocrx_word' id='word_1_63' title='bbox 866 1122 975 1191; x_wconf 75' lang='lat' dir='ltr'><strong>postea</strong></span> <span class='ocrx_word' id='word_1_64' title='bbox 994 1115 1038 1172; x_wconf 92' lang='lat' dir='ltr'><strong>M.</strong></span> <span class='ocrx_word' id='word_1_65' title='bbox 1062 1116 1225 1193; x_wconf 87' lang='lat' dir='ltr'><strong>Lepidum,</strong></span> 
     </span>
     <span class='ocr_line' id='line_1_9' title="bbox 178 1219 1226 1297; baseline 0.004 -20"><span class='ocrx_word' id='word_1_66' title='bbox 178 1220 284 1278; x_wconf 81' lang='lat' dir='ltr'><strong>eodem</strong></span> <span class='ocrx_word' id='word_1_67' title='bbox 304 1219 476 1279; x_wconf 79' lang='lat' dir='ltr'><strong>sacerdotio</strong></span> <span class='ocrx_word' id='word_1_68' title='bbox 495 1219 677 1297; x_wconf 84' lang='lat' dir='ltr'><strong>praeditum,</strong></span> <span class='ocrx_word' id='word_1_69' title='bbox 694 1220 847 1278; x_wconf 83' lang='lat' dir='ltr'><strong>vidimus!</strong></span> <span class='ocrx_word' id='word_1_70' title='bbox 889 1220 970 1290; x_wconf 77' lang='lat' dir='ltr'><strong>Quid</strong></span> <span class='ocrx_word' id='word_1_71' title='bbox 992 1221 1030 1278; x_wconf 81' lang='lat' dir='ltr'><strong>de</strong></span> <span class='ocrx_word' id='word_1_72' title='bbox 1051 1221 1150 1279; x_wconf 80' lang='lat' dir='ltr'><strong>Paulo</strong></span> <span class='ocrx_word' id='word_1_73' title='bbox 1171 1228 1226 1281; x_wconf 91' lang='lat' dir='ltr'><strong>aut</strong></span> 
     </span>
     <span class='ocr_line' id='line_1_10' title="bbox 177 1312 1226 1402; baseline 0.003 -20"><span class='ocrx_word' id='word_1_74' title='bbox 177 1312 327 1383; x_wconf 65' lang='lat' dir='ltr'><strong>elfricano</strong></span> <span class='ocrx_word' id='word_1_75' title='bbox 341 1325 451 1402; x_wconf 90' lang='lat' dir='ltr'><strong>loquar</strong></span> <span class='ocrx_word' id='word_1_76' title='bbox 464 1331 527 1399; x_wconf 88' lang='lat' dir='ltr'><strong>aut,</strong></span> <span class='ocrx_word' id='word_1_77' title='bbox 543 1331 579 1385; x_wconf 92' lang='lat' dir='ltr'><strong>ut</strong></span> <span class='ocrx_word' id='word_1_78' title='bbox 594 1324 655 1384; x_wconf 87' lang='lat' dir='ltr'><strong>iam</strong></span> <span class='ocrx_word' id='word_1_79' title='bbox 672 1331 752 1397; x_wconf 91' lang='lat' dir='ltr'><strong>ante,</strong></span> <span class='ocrx_word' id='word_1_80' title='bbox 769 1326 806 1384; x_wconf 80' lang='lat' dir='ltr'><strong>de</strong></span> <span class='ocrx_word' id='word_1_81' title='bbox 822 1325 987 1384; x_wconf 77' lang='lat' dir='ltr'><strong>Maximo?</strong></span> <span class='ocrx_word' id='word_1_82' title='bbox 1010 1334 1142 1402; x_wconf 80' lang='lat' dir='ltr'><strong>quorum</strong></span> <span class='ocrx_word' id='word_1_83' title='bbox 1163 1334 1226 1385; x_wconf 84' lang='lat' dir='ltr'><strong>non</strong></span> 
     </span>
     <span class='ocr_line' id='line_1_11' title="bbox 176 1429 1278 1504; baseline -0.002 -17"><span class='ocrx_word' id='word_1_84' title='bbox 176 1429 210 1488; x_wconf 91' lang='lat' dir='ltr'><strong>in</strong></span> <span class='ocrx_word' id='word_1_85' title='bbox 224 1430 383 1489; x_wconf 78' lang='lat' dir='ltr'><strong>sententia</strong></span> <span class='ocrx_word' id='word_1_86' title='bbox 397 1430 506 1504; x_wconf 82' lang='lat' dir='ltr'><strong>solum,</strong></span> <span class='ocrx_word' id='word_1_87' title='bbox 523 1430 578 1490; x_wconf 85' lang='lat' dir='ltr'><strong>sed</strong></span> <span class='ocrx_word' id='word_1_88' title='bbox 596 1430 691 1489; x_wconf 90' lang='lat' dir='ltr'><strong>etiam</strong></span> <span class='ocrx_word' id='word_1_89' title='bbox 715 1431 746 1488; x_wconf 92' lang='lat' dir='ltr'><strong>in</strong></span> <span class='ocrx_word' id='word_1_90' title='bbox 768 1436 848 1489; x_wconf 77' lang='lat' dir='ltr'><strong>nutri</strong></span> <span class='ocrx_word' id='word_1_91' title='bbox 870 1430 1025 1489; x_wconf 80' lang='lat' dir='ltr'><strong>residebat</strong></span> <span class='ocrx_word' id='word_1_92' title='bbox 1046 1430 1222 1491; x_wconf 79' lang='lat' dir='ltr'><strong>auctoritas.</strong></span> <span class='ocrx_word' id='word_1_93' title='bbox 1253 1447 1278 1486; x_wconf 72' lang='grc' dir='ltr'><strong>ιο</strong></span> 
     </span>
     <span class='ocr_line' id='line_1_12' title="bbox 176 1534 1223 1612; baseline 0.004 -21"><span class='ocrx_word' id='word_1_94' title='bbox 176 1534 283 1594; x_wconf 89' lang='lat' dir='ltr'><strong>Habet</strong></span> <span class='ocrx_word' id='word_1_95' title='bbox 307 1540 449 1594; x_wconf 80' lang='lat' dir='ltr'><strong>senectus</strong></span> <span class='ocrx_word' id='word_1_96' title='bbox 475 1535 627 1595; x_wconf 81' lang='lat' dir='ltr'><strong>honorata</strong></span> <span class='ocrx_word' id='word_1_97' title='bbox 647 1535 832 1612; x_wconf 89' lang='lat' dir='ltr'><strong>praesertim</strong></span> <span class='ocrx_word' id='word_1_98' title='bbox 854 1540 974 1595; x_wconf 89' lang='lat' dir='ltr'><strong>tantam</strong></span> <span class='ocrx_word' id='word_1_99' title='bbox 997 1536 1223 1610; x_wconf 80' lang='lat' dir='ltr'><strong>auctoritatem,</strong></span> 
     </span>
     <span class='ocr_line' id='line_1_13' title="bbox 175 1639 1108 1718; baseline 0.001 -20"><span class='ocrx_word' id='word_1_100' title='bbox 175 1646 212 1699; x_wconf 89' lang='lat' dir='ltr'><strong>ut</strong></span> <span class='ocrx_word' id='word_1_101' title='bbox 226 1658 262 1698; x_wconf 89' lang='lat' dir='ltr'><strong>ea</strong></span> <span class='ocrx_word' id='word_1_102' title='bbox 276 1639 377 1718; x_wconf 79' lang='lat' dir='ltr'><strong>pluris</strong></span> <span class='ocrx_word' id='word_1_103' title='bbox 392 1640 434 1700; x_wconf 91' lang='lat' dir='ltr'><strong>sit</strong></span> <span class='ocrx_word' id='word_1_104' title='bbox 449 1659 542 1718; x_wconf 90' lang='lat' dir='ltr'><strong>qnam</strong></span> <span class='ocrx_word' id='word_1_105' title='bbox 556 1650 662 1699; x_wconf 79' lang='lat' dir='ltr'><strong>omues</strong></span> <span class='ocrx_word' id='word_1_106' title='bbox 677 1640 906 1699; x_wconf 70' lang='lat' dir='ltr'><strong>adulescentiae</strong></span> <span class='ocrx_word' id='word_1_107' title='bbox 922 1640 1108 1718; x_wconf 77' lang='lat' dir='ltr'><strong>voluptates.</strong></span> 
     </span>
    </p>
   </div>
   <div class='ocr_carea' id='block_1_3' title="bbox 637 1867 762 1927">
    <p class='ocr_par' dir='ltr' id='par_1_3' title="bbox 637 1867 762 1927">
     <span class='ocr_line' id='line_1_14' title="bbox 637 1867 762 1927; baseline 0 -2"><span class='ocrx_word' id='word_1_108' title='bbox 637 1867 762 1927; x_wconf 90' lang='lat' dir='ltr'>XVIII.</span> 
     </span>
    </p>
   </div>
   <div class='ocr_carea' id='block_1_4' title="bbox 124 1997 1275 2494">
    <p class='ocr_par' dir='ltr' id='par_1_4' title="bbox 124 1997 1275 2494">
     <span class='ocr_line' id='line_1_15' title="bbox 124 1997 1223 2066; baseline 0.002 -10"><span class='ocrx_word' id='word_1_109' title='bbox 124 2016 158 2066; x_wconf 77' lang='lat'><strong>62</strong></span> <span class='ocrx_word' id='word_1_110' title='bbox 215 1997 277 2056; x_wconf 83' lang='lat' dir='ltr'><strong>Sed</strong></span> <span class='ocrx_word' id='word_1_111' title='bbox 304 1997 337 2055; x_wconf 94' lang='lat' dir='ltr'><strong>in</strong></span> <span class='ocrx_word' id='word_1_112' title='bbox 362 2006 447 2056; x_wconf 90' lang='lat' dir='ltr'><strong>omni</strong></span> <span class='ocrx_word' id='word_1_113' title='bbox 475 1997 613 2057; x_wconf 83' lang='lat' dir='ltr'><strong>oratione</strong></span> <span class='ocrx_word' id='word_1_114' title='bbox 641 2002 829 2056; x_wconf 72' lang='lat' dir='ltr'><strong>mementote</strong></span> <span class='ocrx_word' id='word_1_115' title='bbox 858 2016 925 2056; x_wconf 90' lang='lat' dir='ltr'><strong>eam</strong></span> <span class='ocrx_word' id='word_1_116' title='bbox 954 2007 1003 2056; x_wconf 84' lang='lat' dir='ltr'><strong>me</strong></span> <span class='ocrx_word' id='word_1_117' title='bbox 1031 2003 1223 2059; x_wconf 79' lang='lat' dir='ltr'><strong>senectiitem</strong></span> 
     </span>
     <span class='ocr_line' id='line_1_16' title="bbox 174 2101 1223 2179; baseline 0.004 -20"><span class='ocrx_word' id='word_1_118' title='bbox 174 2101 309 2176; x_wconf 82' lang='lat' dir='ltr'><strong>laudare,</strong></span> <span class='ocrx_word' id='word_1_119' title='bbox 326 2121 404 2179; x_wconf 89' lang='lat' dir='ltr'><strong>quae</strong></span> <span class='ocrx_word' id='word_1_120' title='bbox 420 2102 632 2161; x_wconf 76' lang='lat' dir='ltr'><strong>fundamentis</strong></span> <span class='ocrx_word' id='word_1_121' title='bbox 648 2101 876 2161; x_wconf 71' lang='lat' dir='ltr'><strong>adulescentiae</strong></span> <span class='ocrx_word' id='word_1_122' title='bbox 894 2102 1066 2162; x_wconf 80' lang='lat' dir='ltr'><strong>constituta</strong></span> <span class='ocrx_word' id='word_1_123' title='bbox 1079 2103 1130 2163; x_wconf 93' lang='lat' dir='ltr'><strong>sit.</strong></span> <span class='ocrx_word' id='word_1_124' title='bbox 1173 2105 1223 2163; x_wconf 86' lang='lat' dir='ltr'><strong>Ex</strong></span> 
     </span>
     <span class='ocr_line' id='line_1_17' title="bbox 173 2206 1275 2283; baseline 0.005 -20"><span class='ocrx_word' id='word_1_125' title='bbox 173 2215 234 2283; x_wconf 85' lang='lat' dir='ltr'><strong>quo</strong></span> <span class='ocrx_word' id='word_1_126' title='bbox 257 2206 390 2265; x_wconf 85' lang='lat' dir='ltr'><strong>eflicitur</strong></span> <span class='ocrx_word' id='word_1_127' title='bbox 414 2206 446 2265; x_wconf 79' lang='lat' dir='ltr'><strong>iil</strong></span> <span class='ocrx_word' id='word_1_128' title='bbox 475 2207 558 2283; x_wconf 92' lang='lat' dir='ltr'><strong>quod</strong></span> <span class='ocrx_word' id='word_1_129' title='bbox 586 2224 642 2283; x_wconf 86' lang='lat' dir='ltr'><strong>ego</strong></span> <span class='ocrx_word' id='word_1_130' title='bbox 671 2215 782 2282; x_wconf 78' lang='lat' dir='ltr'><strong>magno</strong></span> <span class='ocrx_word' id='word_1_131' title='bbox 810 2207 967 2283; x_wconf 86' lang='lat' dir='ltr'><strong>quondam</strong></span> <span class='ocrx_word' id='word_1_132' title='bbox 995 2226 1064 2267; x_wconf 86' lang='lat' dir='ltr'><strong>curn</strong></span> <span class='ocrx_word' id='word_1_133' title='bbox 1093 2217 1222 2268; x_wconf 72' lang='lat' dir='ltr'><strong>assensit</strong></span> <span class='ocrx_word' id='word_1_134' title='bbox 1250 2220 1275 2261; x_wconf 76' lang='lat'><strong>1⁶</strong></span> 
     </span>
     <span class='ocr_line' id='line_1_18' title="bbox 172 2311 1224 2389; baseline 0.003 -19"><span class='ocrx_word' id='word_1_135' title='bbox 172 2312 311 2370; x_wconf 90' lang='lat' dir='ltr'><strong>omnium</strong></span> <span class='ocrx_word' id='word_1_136' title='bbox 339 2312 412 2384; x_wconf 86' lang='lat' dir='ltr'><strong>dixi,</strong></span> <span class='ocrx_word' id='word_1_137' title='bbox 439 2311 585 2371; x_wconf 85' lang='lat' dir='ltr'><strong>miseram</strong></span> <span class='ocrx_word' id='word_1_138' title='bbox 612 2330 680 2370; x_wconf 91' lang='lat' dir='ltr'><strong>esse</strong></span> <span class='ocrx_word' id='word_1_139' title='bbox 705 2317 897 2371; x_wconf 81' lang='lat' dir='ltr'><strong>senectutem</strong></span> <span class='ocrx_word' id='word_1_140' title='bbox 922 2331 1001 2389; x_wconf 90' lang='lat' dir='ltr'><strong>quae</strong></span> <span class='ocrx_word' id='word_1_141' title='bbox 1026 2322 1059 2372; x_wconf 85' lang='lat' dir='ltr'><strong>se</strong></span> <span class='ocrx_word' id='word_1_142' title='bbox 1083 2313 1224 2374; x_wconf 78' lang='lat' dir='ltr'><strong>oratione</strong></span> 
     </span>
     <span class='ocr_line' id='line_1_19' title="bbox 172 2416 1224 2494; baseline 0.002 -19"><span class='ocrx_word' id='word_1_143' title='bbox 172 2417 362 2477; x_wconf 84' lang='lat' dir='ltr'><strong>defenderet.</strong></span> <span class='ocrx_word' id='word_1_144' title='bbox 405 2417 477 2474; x_wconf 82' lang='lat' dir='ltr'><strong>Non</strong></span> <span class='ocrx_word' id='word_1_145' title='bbox 492 2426 561 2475; x_wconf 82' lang='lat' dir='ltr'><strong>cani</strong></span> <span class='ocrx_word' id='word_1_146' title='bbox 575 2435 631 2475; x_wconf 91' lang='lat' dir='ltr'><strong>nec</strong></span> <span class='ocrx_word' id='word_1_147' title='bbox 649 2426 743 2492; x_wconf 81' lang='lat' dir='ltr'><strong>rugae</strong></span> <span class='ocrx_word' id='word_1_148' title='bbox 760 2422 887 2494; x_wconf 86' lang='lat' dir='ltr'><strong>repente</strong></span> <span class='ocrx_word' id='word_1_149' title='bbox 909 2416 1128 2476; x_wconf 79' lang='lat' dir='ltr'><strong>auctoritatem</strong></span> <span class='ocrx_word' id='word_1_150' title='bbox 1149 2419 1224 2478; x_wconf 84' lang='lat' dir='ltr'><strong>arri-</strong></span> 
     </span>
    </p>
   </div>
   <div class='ocr_carea' id='block_1_5' title="bbox 118 2601 1274 3804">
    <p class='ocr_par' dir='ltr' id='par_1_5' title="bbox 119 2601 1274 3044">
     <span class='ocr_line' id='line_1_20' title="bbox 154 2601 1273 2664; baseline 0.005 -13"><span class='ocrx_word' id='word_1_151' title='bbox 154 2603 190 2651; x_wconf 87' lang='lat' dir='ltr'><strong>A.</strong></span> <span class='ocrx_word' id='word_1_152' title='bbox 207 2603 303 2651; x_wconf 76' lang='lat' dir='ltr'><strong>Atilio</strong></span> <span class='ocrx_word' id='word_1_153' title='bbox 321 2602 469 2651; x_wconf 73' lang='lat' dir='ltr'><strong>calatino.</strong></span> <span class='ocrx_word' id='word_1_154' title='bbox 507 2601 593 2650; x_wconf 84' lang='lat' dir='ltr'><strong>Aulus</strong></span> <span class='ocrx_word' id='word_1_155' title='bbox 609 2601 678 2649; x_wconf 82' lang='lat' dir='ltr'><strong>Atii·</strong></span> <span class='ocrx_word' id='word_1_156' title='bbox 710 2604 835 2664; x_wconf 82' lang='lat' dir='ltr'><strong>princeps</strong></span> <span class='ocrx_word' id='word_1_157' title='bbox 848 2610 957 2653; x_wconf 74' lang='lat' dir='ltr'><strong>scitatus</strong></span> <span class='ocrx_word' id='word_1_158' title='bbox 971 2603 1012 2652; x_wconf 84' lang='lat' dir='ltr'><strong>six</strong></span> <span class='ocrx_word' id='word_1_159' title='bbox 1027 2603 1106 2654; x_wconf 85' lang='lat' dir='ltr'><strong>times</strong></span> <span class='ocrx_word' id='word_1_160' title='bbox 1122 2604 1149 2653; x_wconf 94' lang='lat' dir='ltr'><strong>in</strong></span> <span class='ocrx_word' id='word_1_161' title='bbox 1167 2619 1273 2657; x_wconf 84' lang='lat' dir='ltr'><strong>succes-</strong></span> 
     </span>
     <span class='ocr_line' id='line_1_21' title="bbox 120 2676 1273 2733; baseline 0.004 -7"><span class='ocrx_word' id='word_1_162' title='bbox 120 2679 161 2727; x_wconf 91' lang='lat' dir='ltr'><strong>ius</strong></span> <span class='ocrx_word' id='word_1_163' title='bbox 177 2677 316 2727; x_wconf 84' lang='lat' dir='ltr'><strong>Calatinus</strong></span> <span class='ocrx_word' id='word_1_164' title='bbox 332 2691 387 2726; x_wconf 86' lang='lat' dir='ltr'><strong>was</strong></span> <span class='ocrx_word' id='word_1_165' title='bbox 403 2677 521 2725; x_wconf 90' lang='lat' dir='ltr'><strong>auative</strong></span> <span class='ocrx_word' id='word_1_166' title='bbox 534 2677 562 2725; x_wconf 81' lang='lat' dir='ltr'><strong>of</strong></span> <span class='ocrx_word' id='word_1_167' title='bbox 574 2676 678 2726; x_wconf 84' lang='lat' dir='ltr'><strong>Calatia</strong></span> <span class='ocrx_word' id='word_1_168' title='bbox 713 2678 780 2728; x_wconf 87' lang='lat' dir='ltr'><strong>sion.</strong></span> <span class='ocrx_word' id='word_1_169' title='bbox 824 2679 865 2727; x_wconf 91' lang='lat' dir='ltr'><strong>He</strong></span> <span class='ocrx_word' id='word_1_170' title='bbox 883 2680 1054 2729; x_wconf 90' lang='lat' dir='ltr'><strong>constructed</strong></span> <span class='ocrx_word' id='word_1_171' title='bbox 1072 2681 1117 2729; x_wconf 87' lang='lat' dir='ltr'><strong>the</strong></span> <span class='ocrx_word' id='word_1_172' title='bbox 1135 2681 1273 2733; x_wconf 89' lang='lat' dir='ltr'><strong>Aemilian</strong></span> 
     </span>
     <span class='ocr_line' id='line_1_22' title="bbox 120 2751 1274 2816; baseline 0.005 -14"><span class='ocrx_word' id='word_1_173' title='bbox 120 2754 148 2802; x_wconf 91' lang='lat' dir='ltr'><strong>in</strong></span> <span class='ocrx_word' id='word_1_174' title='bbox 161 2753 315 2814; x_wconf 84' lang='lat' dir='ltr'><strong>Campania.</strong></span> <span class='ocrx_word' id='word_1_175' title='bbox 351 2751 460 2801; x_wconf 84' lang='lat' dir='ltr'><strong>Elected</strong></span> <span class='ocrx_word' id='word_1_176' title='bbox 475 2752 569 2802; x_wconf 89' lang='lat' dir='ltr'><strong>consul</strong></span> <span class='ocrx_word' id='word_1_177' title='bbox 585 2754 613 2801; x_wconf 92' lang='lat' dir='ltr'><strong>in</strong></span> <span class='ocrx_word' id='word_1_178' title='bbox 628 2753 677 2802; x_wconf 75' lang='lat'><strong>258</strong></span> <span class='ocrx_word' id='word_1_179' title='bbox 714 2754 792 2816; x_wconf 76' lang='lat' dir='ltr'><strong>way,</strong></span> <span class='ocrx_word' id='word_1_180' title='bbox 809 2768 825 2803; x_wconf 87' lang='lat' dir='ltr'><strong>a</strong></span> <span class='ocrx_word' id='word_1_181' title='bbox 843 2754 1030 2804; x_wconf 89' lang='lat' dir='ltr'><strong>continuation</strong></span> <span class='ocrx_word' id='word_1_182' title='bbox 1048 2756 1076 2804; x_wconf 82' lang='lat' dir='ltr'><strong>of</strong></span> <span class='ocrx_word' id='word_1_183' title='bbox 1093 2757 1139 2805; x_wconf 90' lang='lat' dir='ltr'><strong>the</strong></span> <span class='ocrx_word' id='word_1_184' title='bbox 1156 2758 1274 2808; x_wconf 80' lang='lat' dir='ltr'><strong>Flamin-</strong></span> 
     </span>
     <span class='ocr_line' id='line_1_23' title="bbox 120 2828 1272 2890; baseline 0.005 -12"><span class='ocrx_word' id='word_1_185' title='bbox 120 2830 173 2878; x_wconf 89' lang='lat' dir='ltr'><strong>aud</strong></span> <span class='ocrx_word' id='word_1_186' title='bbox 190 2829 239 2878; x_wconf 80' lang='lat'><strong>254</strong></span> <span class='ocrx_word' id='word_1_187' title='bbox 256 2843 309 2877; x_wconf 80' lang='lat' dir='ltr'><strong>ac.</strong></span> <span class='ocrx_word' id='word_1_188' title='bbox 327 2828 381 2878; x_wconf 90' lang='lat' dir='ltr'><strong>and</strong></span> <span class='ocrx_word' id='word_1_189' title='bbox 399 2828 544 2890; x_wconf 82' lang='lat' dir='ltr'><strong>appointed</strong></span> <span class='ocrx_word' id='word_1_190' title='bbox 562 2829 677 2878; x_wconf 84' lang='lat' dir='ltr'><strong>dictator</strong></span> <span class='ocrx_word' id='word_1_191' title='bbox 712 2830 765 2879; x_wconf 90' lang='lat' dir='ltr'><strong>ian.</strong></span> <span class='ocrx_word' id='word_1_192' title='bbox 789 2831 838 2879; x_wconf 85' lang='lat' dir='ltr'><strong>His</strong></span> <span class='ocrx_word' id='word_1_193' title='bbox 846 2830 926 2879; x_wconf 89' lang='lat' dir='ltr'><strong>death</strong></span> <span class='ocrx_word' id='word_1_194' title='bbox 936 2831 1063 2881; x_wconf 84' lang='lat' dir='ltr'><strong>occurred</strong></span> <span class='ocrx_word' id='word_1_195' title='bbox 1072 2833 1210 2882; x_wconf 75' lang='lat' dir='ltr'><strong>aboutito</strong></span> <span class='ocrx_word' id='word_1_196' title='bbox 1219 2849 1272 2885; x_wconf 73' lang='lat' dir='ltr'><strong>rac.</strong></span> 
     </span>
     <span class='ocr_line' id='line_1_24' title="bbox 119 2904 1272 2969; baseline 0.005 -16"><span class='ocrx_word' id='word_1_197' title='bbox 119 2906 147 2954; x_wconf 89' lang='lat' dir='ltr'><strong>in</strong></span> <span class='ocrx_word' id='word_1_198' title='bbox 167 2906 223 2965; x_wconf 71' lang='lat'><strong>249,</strong></span> <span class='ocrx_word' id='word_1_199' title='bbox 243 2905 277 2953; x_wconf 90' lang='lat' dir='ltr'><strong>he</strong></span> <span class='ocrx_word' id='word_1_200' title='bbox 298 2904 428 2953; x_wconf 80' lang='lat' dir='ltr'><strong>rendered</strong></span> <span class='ocrx_word' id='word_1_201' title='bbox 445 2905 514 2967; x_wconf 82' lang='lat' dir='ltr'><strong>good</strong></span> <span class='ocrx_word' id='word_1_202' title='bbox 531 2905 630 2954; x_wconf 86' lang='lat' dir='ltr'><strong>service</strong></span> <span class='ocrx_word' id='word_1_203' title='bbox 648 2905 675 2953; x_wconf 91' lang='lat' dir='ltr'><strong>in</strong></span> <span class='ocrx_word' id='word_1_204' title='bbox 746 2908 823 2956; x_wconf 65' lang='lat' dir='ltr'><strong>cani.</strong></span> <span class='ocrx_word' id='word_1_205' title='bbox 859 2906 901 2956; x_wconf 86' lang='lat' dir='ltr'><strong>Se.</strong></span> <span class='ocrx_word' id='word_1_206' title='bbox 920 2909 1020 2969; x_wconf 76' lang='lat' dir='ltr'><strong>capitit.</strong></span> <span class='ocrx_word' id='word_1_207' title='bbox 1066 2907 1136 2958; x_wconf 79' lang='lat' dir='ltr'><strong>Ocni</strong></span> <span class='ocrx_word' id='word_1_208' title='bbox 1152 2909 1217 2958; x_wconf 84' lang='lat' dir='ltr'><strong>with</strong></span> <span class='ocrx_word' id='word_1_209' title='bbox 1235 2910 1272 2960; x_wconf 86' lang='lat' dir='ltr'><strong>its</strong></span> 
     </span>
     <span class='ocr_line' id='line_1_25' title="bbox 119 2981 1271 3044; baseline 0.003 -14"><span class='ocrx_word' id='word_1_210' title='bbox 119 2983 163 3030; x_wconf 87' lang='lat' dir='ltr'><strong>the</strong></span> <span class='ocrx_word' id='word_1_211' title='bbox 182 2983 253 3029; x_wconf 86' lang='lat' dir='ltr'><strong>First</strong></span> <span class='ocrx_word' id='word_1_212' title='bbox 270 2981 355 3029; x_wconf 88' lang='lat' dir='ltr'><strong>Punic</strong></span> <span class='ocrx_word' id='word_1_213' title='bbox 371 2981 443 3030; x_wconf 88' lang='lat' dir='ltr'><strong>War.</strong></span> <span class='ocrx_word' id='word_1_214' title='bbox 711 2996 783 3030; x_wconf 91' lang='lat' dir='ltr'><strong>noun</strong></span> <span class='ocrx_word' id='word_1_215' title='bbox 806 2981 919 3031; x_wconf 88' lang='lat' dir='ltr'><strong>omitted</strong></span> <span class='ocrx_word' id='word_1_216' title='bbox 940 2983 962 3031; x_wconf 89' lang='lat' dir='ltr'><strong>is</strong></span> <span class='ocrx_word' id='word_1_217' title='bbox 981 2983 1075 3044; x_wconf 88' lang='lat' dir='ltr'><strong>poetic.</strong></span> <span class='ocrx_word' id='word_1_218' title='bbox 1120 2984 1194 3033; x_wconf 90' lang='lat' dir='ltr'><strong>With</strong></span> <span class='ocrx_word' id='word_1_219' title='bbox 1215 2986 1271 3036; x_wconf 88' lang='lat' dir='ltr'><strong>this</strong></span> 
     </span>
    </p>

    <p class='ocr_par' dir='ltr' id='par_1_6' title="bbox 118 3057 1271 3575">
     <span class='ocr_line' id='line_1_26' title="bbox 150 3057 1268 3122; baseline 0.003 -15"><span class='ocrx_word' id='word_1_220' title='bbox 150 3061 181 3108; x_wconf 86' lang='lat' dir='ltr'><strong>in</strong></span> <span class='ocrx_word' id='word_1_221' title='bbox 193 3058 342 3118; x_wconf 76' lang='lat' dir='ltr'><strong>sepulcro.</strong></span> <span class='ocrx_word' id='word_1_222' title='bbox 380 3057 430 3106; x_wconf 90' lang='lat' dir='ltr'><strong>His</strong></span> <span class='ocrx_word' id='word_1_223' title='bbox 446 3057 522 3106; x_wconf 87' lang='lat' dir='ltr'><strong>tomb</strong></span> <span class='ocrx_word' id='word_1_224' title='bbox 540 3070 594 3106; x_wconf 89' lang='lat' dir='ltr'><strong>was</strong></span> <span class='ocrx_word' id='word_1_225' title='bbox 612 3071 677 3106; x_wconf 86' lang='lat' dir='ltr'><strong>near</strong></span> <span class='ocrx_word' id='word_1_226' title='bbox 711 3071 831 3120; x_wconf 82' lang='lat' dir='ltr'><strong>passage,</strong></span> <span class='ocrx_word' id='word_1_227' title='bbox 853 3060 915 3109; x_wconf 89' lang='lat' dir='ltr'><strong>Nou</strong></span> <span class='ocrx_word' id='word_1_228' title='bbox 931 3061 1019 3109; x_wconf 74' lang='lat' dir='ltr'><strong>catti.</strong></span> <span class='ocrx_word' id='word_1_229' title='bbox 1041 3095 1046 3106; x_wconf 92' lang='lat'><em>.</em></span> <span class='ocrx_word' id='word_1_230' title='bbox 1067 3096 1072 3107; x_wconf 94' lang='lat'><em>.</em></span> <span class='ocrx_word' id='word_1_231' title='bbox 1090 3067 1212 3122; x_wconf 77' lang='lat' dir='ltr'><strong>possuut,</strong></span> <span class='ocrx_word' id='word_1_232' title='bbox 1232 3062 1268 3110; x_wconf 85' lang='lat' dir='ltr'><strong>cf.</strong></span> 
     </span>
     <span class='ocr_line' id='line_1_27' title="bbox 118 3133 1271 3199; baseline 0.005 -16"><span class='ocrx_word' id='word_1_233' title='bbox 118 3135 178 3183; x_wconf 87' lang='lat' dir='ltr'><strong>that</strong></span> <span class='ocrx_word' id='word_1_234' title='bbox 201 3134 228 3180; x_wconf 84' lang='lat' dir='ltr'><strong>of</strong></span> <span class='ocrx_word' id='word_1_235' title='bbox 251 3133 297 3181; x_wconf 86' lang='lat' dir='ltr'><strong>the</strong></span> <span class='ocrx_word' id='word_1_236' title='bbox 315 3133 426 3194; x_wconf 87' lang='lat' dir='ltr'><strong>Scipi0s‚</strong></span> <span class='ocrx_word' id='word_1_237' title='bbox 447 3146 481 3181; x_wconf 90' lang='lat' dir='ltr'><strong>on</strong></span> <span class='ocrx_word' id='word_1_238' title='bbox 502 3134 547 3181; x_wconf 90' lang='lat' dir='ltr'><strong>the</strong></span> <span class='ocrx_word' id='word_1_239' title='bbox 567 3133 675 3194; x_wconf 88' lang='lat' dir='ltr'><strong>Appian</strong></span> <span class='ocrx_word' id='word_1_240' title='bbox 712 3134 820 3194; x_wconf 85' lang='lat' dir='ltr'><strong>Seneca,</strong></span> <span class='ocrx_word' id='word_1_241' title='bbox 840 3135 935 3196; x_wconf 81' lang='lat' dir='ltr'><strong>Truuq.</strong></span> <span class='ocrx_word' id='word_1_242' title='bbox 952 3135 1003 3184; x_wconf 89' lang='lat' dir='ltr'><strong>Ill.</strong></span> <span class='ocrx_word' id='word_1_243' title='bbox 1018 3135 1041 3195; x_wconf 87' lang='grc'><strong>7,</strong></span> <span class='ocrx_word' id='word_1_244' title='bbox 1059 3134 1142 3197; x_wconf 72' lang='lat' dir='ltr'><strong>Saepe</strong></span> <span class='ocrx_word' id='word_1_245' title='bbox 1157 3139 1271 3199; x_wconf 76' lang='lat' dir='ltr'><strong>prandia</strong></span> 
     </span>
     <span class='ocr_line' id='line_1_28' title="bbox 118 3208 1271 3275; baseline 0.004 -17"><span class='ocrx_word' id='word_1_246' title='bbox 118 3211 196 3271; x_wconf 83' lang='lat' dir='ltr'><strong>Way‚</strong></span> <span class='ocrx_word' id='word_1_247' title='bbox 212 3208 316 3257; x_wconf 88' lang='lat' dir='ltr'><strong>outside</strong></span> <span class='ocrx_word' id='word_1_248' title='bbox 334 3210 379 3257; x_wconf 88' lang='lat' dir='ltr'><strong>the</strong></span> <span class='ocrx_word' id='word_1_249' title='bbox 399 3208 508 3270; x_wconf 88' lang='lat' dir='ltr'><strong>Capena</strong></span> <span class='ocrx_word' id='word_1_250' title='bbox 525 3213 593 3271; x_wconf 88' lang='lat' dir='ltr'><strong>gate.</strong></span> <span class='ocrx_word' id='word_1_251' title='bbox 631 3208 671 3258; x_wconf 80' lang='lat' dir='ltr'><strong>Cf.</strong></span> <span class='ocrx_word' id='word_1_252' title='bbox 712 3218 776 3261; x_wconf 75' lang='lat' dir='ltr'><strong>tiata</strong></span> <span class='ocrx_word' id='word_1_253' title='bbox 793 3225 871 3260; x_wconf 68' lang='lat' dir='ltr'><strong>scetes</strong></span> <span class='ocrx_word' id='word_1_254' title='bbox 887 3213 992 3261; x_wconf 79' lang='lat' dir='ltr'><strong>nullum</strong></span> <span class='ocrx_word' id='word_1_255' title='bbox 1008 3213 1085 3261; x_wconf 74' lang='lat' dir='ltr'><strong>oliitd</strong></span> <span class='ocrx_word' id='word_1_256' title='bbox 1099 3213 1178 3262; x_wconf 79' lang='lat' dir='ltr'><strong>ltobet</strong></span> <span class='ocrx_word' id='word_1_257' title='bbox 1189 3228 1271 3275; x_wconf 69' lang='lat' dir='ltr'><strong>utpu-</strong></span> 
     </span>
     <span class='ocr_line' id='line_1_29' title="bbox 118 3285 1267 3349; baseline 0.003 -14"><span class='ocrx_word' id='word_1_258' title='bbox 118 3287 171 3335; x_wconf 85' lang='lat' dir='ltr'><strong>Cic.</strong></span> <span class='ocrx_word' id='word_1_259' title='bbox 184 3287 258 3336; x_wconf 79' lang='lat' dir='ltr'><strong>Tusa</strong></span> <span class='ocrx_word' id='word_1_260' title='bbox 272 3286 292 3333; x_wconf 88' lang='lat' dir='ltr'><strong>i.</strong></span> <span class='ocrx_word' id='word_1_261' title='bbox 304 3287 327 3345; x_wconf 84' lang='lat'><strong>7,</strong></span> <span class='ocrx_word' id='word_1_262' title='bbox 338 3285 376 3345; x_wconf 79' lang='grc'><strong>13,</strong></span> <span class='ocrx_word' id='word_1_263' title='bbox 388 3300 423 3335; x_wconf 85' lang='lat' dir='ltr'><strong>ou</strong></span> <span class='ocrx_word' id='word_1_264' title='bbox 432 3292 461 3335; x_wconf 82' lang='lat' dir='ltr'><strong>tu</strong></span> <span class='ocrx_word' id='word_1_265' title='bbox 471 3300 589 3348; x_wconf 75' lang='lat' dir='ltr'><strong>opressus</strong></span> <span class='ocrx_word' id='word_1_266' title='bbox 594 3293 674 3347; x_wconf 82' lang='lat' dir='ltr'><strong>porta</strong></span> <span class='ocrx_word' id='word_1_267' title='bbox 711 3294 837 3345; x_wconf 68' lang='lat' dir='ltr'><strong>aternum,</strong></span> <span class='ocrx_word' id='word_1_268' title='bbox 857 3302 908 3349; x_wconf 82' lang='lat' dir='ltr'><strong>quo</strong></span> <span class='ocrx_word' id='word_1_269' title='bbox 929 3302 955 3337; x_wconf 82' lang='lat' dir='ltr'><strong>se</strong></span> <span class='ocrx_word' id='word_1_270' title='bbox 974 3289 1069 3349; x_wconf 82' lang='lat' dir='ltr'><strong>probet</strong></span> <span class='ocrx_word' id='word_1_271' title='bbox 1091 3289 1138 3337; x_wconf 78' lang='lat' dir='ltr'><strong>diu</strong></span> <span class='ocrx_word' id='word_1_272' title='bbox 1162 3291 1267 3349; x_wconf 79' lang='lat' dir='ltr'><strong>uixisse,</strong></span> 
     </span>
     <span class='ocr_line' id='line_1_30' title="bbox 121 3360 1267 3427; baseline 0 -15"><span class='ocrx_word' id='word_1_273' title='bbox 121 3362 237 3424; x_wconf 79' lang='lat' dir='ltr'><strong>Cupauo,</strong></span> <span class='ocrx_word' id='word_1_274' title='bbox 260 3376 320 3410; x_wconf 77' lang='lat' dir='ltr'><strong>curu</strong></span> <span class='ocrx_word' id='word_1_275' title='bbox 348 3361 477 3419; x_wconf 73' lang='lat' dir='ltr'><strong>Calatini,</strong></span> <span class='ocrx_word' id='word_1_276' title='bbox 509 3360 672 3422; x_wconf 77' lang='lat' dir='ltr'><strong>Scipionum,</strong></span> <span class='ocrx_word' id='word_1_277' title='bbox 708 3369 814 3423; x_wconf 81' lang='lat' dir='ltr'><strong>praeter</strong></span> <span class='ocrx_word' id='word_1_278' title='bbox 859 3369 988 3427; x_wconf 79' lang='lat' dir='ltr'><strong>uetoteua;</strong></span> <span class='ocrx_word' id='word_1_279' title='bbox 1027 3363 1084 3411; x_wconf 90' lang='lat' dir='ltr'><strong>also</strong></span> <span class='ocrx_word' id='word_1_280' title='bbox 1128 3362 1267 3425; x_wconf 88' lang='lat' dir='ltr'><strong>Sheridan‚</strong></span> 
     </span>
     <span class='ocr_line' id='line_1_31' title="bbox 119 3437 1104 3499; baseline -0.001 -11"><span class='ocrx_word' id='word_1_281' title='bbox 119 3438 301 3495; x_wconf 77' lang='lat' dir='ltr'><strong>Serviliorum,</strong></span> <span class='ocrx_word' id='word_1_282' title='bbox 341 3437 511 3487; x_wconf 73' lang='lat' dir='ltr'><strong>llerellorum</strong></span> <span class='ocrx_word' id='word_1_283' title='bbox 553 3439 673 3499; x_wconf 77' lang='lat' dir='ltr'><strong>sepulcro</strong></span> <span class='ocrx_word' id='word_1_284' title='bbox 711 3439 963 3498; x_wconf 76' lang='lat' dir='ltr'><strong>Pi&#39;zarro,AetIV.</strong></span> <span class='ocrx_word' id='word_1_285' title='bbox 979 3454 1016 3488; x_wconf 88' lang='lat' dir='ltr'><strong>sc.</strong></span> <span class='ocrx_word' id='word_1_286' title='bbox 1033 3441 1104 3487; x_wconf 88' lang='lat' dir='ltr'><strong>l:—</strong></span> 
     </span>
     <span class='ocr_line' id='line_1_32' title="bbox 120 3514 543 3575; baseline -0.002 -11"><span class='ocrx_word' id='word_1_287' title='bbox 120 3516 194 3573; x_wconf 80' lang='lat' dir='ltr'><strong>ot&#39;des,</strong></span> <span class='ocrx_word' id='word_1_288' title='bbox 221 3516 330 3564; x_wconf 72' lang='lat' dir='ltr'><strong>miseros</strong></span> <span class='ocrx_word' id='word_1_289' title='bbox 350 3520 432 3575; x_wconf 82' lang='lat' dir='ltr'><strong>putas</strong></span> <span class='ocrx_word' id='word_1_290' title='bbox 455 3514 543 3564; x_wconf 79' lang='lat' dir='ltr'><strong>illos?</strong></span> 
     </span>
    </p>

    <p class='ocr_par' dir='ltr' id='par_1_7' title="bbox 118 3588 1268 3804">
     <span class='ocr_line' id='line_1_33' title="bbox 148 3588 1268 3654; baseline 0.002 -15"><span class='ocrx_word' id='word_1_291' title='bbox 148 3591 191 3639; x_wconf 84' lang='lat' dir='ltr'><strong>M.</strong></span> <span class='ocrx_word' id='word_1_292' title='bbox 205 3591 359 3651; x_wconf 81' lang='lat' dir='ltr'><strong>Lepidum.</strong></span> <span class='ocrx_word' id='word_1_293' title='bbox 398 3589 434 3636; x_wconf 92' lang='grc' dir='ltr'><strong>Μ.</strong></span> <span class='ocrx_word' id='word_1_294' title='bbox 450 3588 581 3638; x_wconf 89' lang='lat' dir='ltr'><strong>Aemilius</strong></span> <span class='ocrx_word' id='word_1_295' title='bbox 597 3589 673 3650; x_wconf 81' lang='lat' dir='ltr'><strong>Lepi·</strong></span> <span class='ocrx_word' id='word_1_296' title='bbox 745 3594 760 3618; x_wconf 88' lang='lat'><strong>“</strong></span> <span class='ocrx_word' id='word_1_297' title='bbox 773 3590 798 3638; x_wconf 82' lang='grc' dir='ltr'><strong>Α</strong></span> <span class='ocrx_word' id='word_1_298' title='bbox 816 3589 862 3638; x_wconf 81' lang='lat' dir='ltr'><strong>lile</strong></span> <span class='ocrx_word' id='word_1_299' title='bbox 881 3595 959 3651; x_wconf 88' lang='lat' dir='ltr'><strong>spent</strong></span> <span class='ocrx_word' id='word_1_300' title='bbox 977 3590 1103 3654; x_wconf 85' lang='lat' dir='ltr'><strong>worthily</strong></span> <span class='ocrx_word' id='word_1_301' title='bbox 1120 3590 1216 3640; x_wconf 90' lang='lat' dir='ltr'><strong>should</strong></span> <span class='ocrx_word' id='word_1_302' title='bbox 1234 3592 1268 3642; x_wconf 88' lang='lat' dir='ltr'><strong>be</strong></span> 
     </span>
     <span class='ocr_line' id='line_1_34' title="bbox 119 3664 1267 3731; baseline 0.004 -19"><span class='ocrx_word' id='word_1_303' title='bbox 119 3664 164 3713; x_wconf 88' lang='lat' dir='ltr'><strong>ius</strong></span> <span class='ocrx_word' id='word_1_304' title='bbox 177 3679 231 3713; x_wconf 87' lang='lat' dir='ltr'><strong>was</strong></span> <span class='ocrx_word' id='word_1_305' title='bbox 249 3664 341 3714; x_wconf 91' lang='lat' dir='ltr'><strong>consul</strong></span> <span class='ocrx_word' id='word_1_306' title='bbox 357 3666 402 3714; x_wconf 82' lang='lat'><strong>187</strong></span> <span class='ocrx_word' id='word_1_307' title='bbox 416 3680 468 3714; x_wconf 79' lang='lat' dir='ltr'><strong>nc.</strong></span> <span class='ocrx_word' id='word_1_308' title='bbox 481 3665 535 3714; x_wconf 90' lang='lat' dir='ltr'><strong>and</strong></span> <span class='ocrx_word' id='word_1_309' title='bbox 550 3666 605 3724; x_wconf 77' lang='lat'>175,</span> <span class='ocrx_word' id='word_1_310' title='bbox 620 3665 673 3713; x_wconf 91' lang='lat' dir='ltr'><strong>and</strong></span> <span class='ocrx_word' id='word_1_311' title='bbox 710 3666 849 3715; x_wconf 82' lang='lat' dir='ltr'><strong>measured</strong></span> <span class='ocrx_word' id='word_1_312' title='bbox 876 3667 913 3728; x_wconf 85' lang='lat' dir='ltr'><strong>by</strong></span> <span class='ocrx_word' id='word_1_313' title='bbox 941 3681 957 3715; x_wconf 86' lang='lat' dir='ltr'><strong>a</strong></span> <span class='ocrx_word' id='word_1_314' title='bbox 988 3667 1084 3716; x_wconf 90' lang='lat' dir='ltr'><strong>noblcr</strong></span> <span class='ocrx_word' id='word_1_315' title='bbox 1114 3667 1267 3731; x_wconf 71' lang='lat' dir='ltr'><strong>lina-by</strong></span> 
     </span>
     <span class='ocr_line' id='line_1_35' title="bbox 118 3741 990 3804; baseline 0.006 -17"><span class='ocrx_word' id='word_1_316' title='bbox 118 3741 241 3790; x_wconf 82' lang='lat' dir='ltr'><strong>Pontifex</strong></span> <span class='ocrx_word' id='word_1_317' title='bbox 272 3741 407 3791; x_wconf 83' lang='lat' dir='ltr'><strong>Maximus</strong></span> <span class='ocrx_word' id='word_1_318' title='bbox 439 3741 487 3790; x_wconf 90' lang='grc'><strong>180</strong></span> <span class='ocrx_word' id='word_1_319' title='bbox 519 3755 584 3803; x_wconf 77' lang='lat' dir='ltr'><strong>aa,</strong></span> <span class='ocrx_word' id='word_1_320' title='bbox 619 3741 673 3791; x_wconf 89' lang='lat' dir='ltr'><strong>and</strong></span> <span class='ocrx_word' id='word_1_321' title='bbox 709 3741 798 3802; x_wconf 73' lang='lat' dir='ltr'><strong>decos,</strong></span> <span class='ocrx_word' id='word_1_322' title='bbox 816 3747 865 3791; x_wconf 90' lang='lat' dir='ltr'><strong>not</strong></span> <span class='ocrx_word' id='word_1_323' title='bbox 882 3743 990 3804; x_wconf 88' lang='lat' dir='ltr'><strong>years.”</strong></span> 
     </span>
    </p>
   </div>
   <div class='ocr_carea' id='block_1_6' title="bbox 0 0 1396 4162">
    <p class='ocr_par' dir='ltr' id='par_1_8' title="bbox 0 0 1396 4162">
     <span class='ocr_line' id='line_1_36' title="bbox 0 0 1396 4162; baseline 0 4"><span class='ocrx_word' id='word_1_324' title='bbox 0 0 1396 4162; x_wconf 95' lang='lat' dir='ltr'><strong> </strong></span> 
     </span>
    </p>
   </div>
  </div>
 </body>
</html>
