2782 4162
128 296 168 358 62
402 294 506 359 cATc
532 294 662 360 Miles
687 294 739 358 DE
765 295 1005 361 SENEGTUTE.

339 480 405 551 Quo
419 482 507 540 vobis
523 487 651 554 mentes
669 487 770 540 rectae
786 500 865 559 quae
880 487 963 540 stare
979 481 1120 543 solebant

339 586 490 659 Antehac,
511 587 669 645 dementes
687 595 754 646 sese
768 585 880 645 flexere
898 586 987 645 viai?

177 715 339 785 ceteraque
370 708 569 786 gravissime3
599 715 708 768 notum
733 708 815 767 enim
841 709 928 768 vobis
953 727 1077 769 carmen
1102 716 1166 785 est3
1196 716 1228 771 et

176 820 281 872 tamen
309 814 407 892 ipsius
439 813 524 891 Appi
552 819 656 873 exstat
683 814 790 873 oratio.
844 814 949 890 Atque
977 814 1053 873 haec
1081 815 1135 873 ille
1164 816 1228 892 egit

177 920 310 995 septimo
333 920 450 978 decimo
475 928 555 978 anno
578 924 650 996 post
671 919 804 978 alterum
826 919 1030 992 consulatum,
1053 938 1125 978 cum
1145 920 1227 980 inter
1265 935 1276 975 t

176 1026 253 1084 duos
282 1025 460 1084 consulatus
487 1033 560 1082 anni
584 1025 690 1083 decem
715 1024 934 1083 interfuissent
959 1034 1129 1102 censorque
1154 1031 1227 1085 ante

177 1131 366 1206 superiorem
389 1131 584 1190 consulatum
605 1129 736 1205 fuisset3
760 1149 801 1188 ex
823 1138 884 1206 qui)
901 1130 1097 1206 intellegitur
1111 1131 1227 1209 Pyrrhi

176 1236 257 1294 bello
280 1237 425 1310 grandem
449 1245 522 1295 sane
545 1235 661 1310 fuisse3
687 1240 719 1294 et
740 1239 845 1294 tamen
866 1244 909 1294 sic
924 1244 943 1293 a
956 1235 1098 1312 patribus
1112 1237 1227 1313 accepi-

127 1350 160 1399 17
175 1361 252 1400 mus.
296 1341 388 1399 Nihil
404 1341 500 1417 igitur
512 1341 668 1415 adierunt,
680 1350 735 1418 qui
748 1341 782 1399 in
796 1349 828 1399 re
844 1341 978 1416 gerenda
993 1350 1111 1400 verstri
1126 1360 1226 1401 senec-

175 1453 275 1505 tutem
305 1452 430 1522 negant,
453 1446 634 1523 similesque
656 1451 731 1504 sunt
752 1450 788 1504 ut
811 1455 838 1502 si
859 1454 913 1522 qui
934 1445 1170 1519 gubernatorem
1191 1447 1224 1505 iu
1251 1469 1275 1508 10

175 1552 350 1628 navigando
371 1551 452 1610 nihil
474 1570 565 1628 agere
586 1551 699 1625 dicant,
715 1569 785 1610 cum
807 1550 862 1609 alii
883 1550 981 1610 malos
996 1551 1155 1624 scandant,¹
1171 1552 1225 1610 alii

175 1678 231 1735 per
262 1658 346 1717 foros
378 1662 511 1728 sument,
541 1656 596 1715 alii
624 1663 778 1715 sentinam
809 1655 1005 1731 exhauriant,
1034 1656 1089 1715 ille
1120 1664 1224 1716 autem

175 1763 298 1822 clavum
319 1767 428 1822 tenens
451 1762 575 1839 quietus
597 1762 704 1821 sedeat
722 1762 757 1820 in
775 1771 881 1839 puppi,
898 1769 960 1819 non
973 1760 1070 1821 faciat
1085 1780 1129 1836 ea,
1145 1782 1224 1839 quae

174 1869 310 1927 iuvenes.
361 1869 405 1926 At
430 1876 503 1926 vero
532 1866 631 1926 multo
659 1867 777 1926 mitiora
805 1874 836 1925 et
864 1866 992 1948 meliora
1020 1867 1105 1926 facit.
1152 1869 1222 1926 Non

174 1974 292 2034 viribus
314 1980 369 2032 aut
391 1972 557 2032 velocitate
578 1977 632 2031 aut
653 1972 812 2033 celeritate
836 1991 998 2049 corporum
1021 1982 1070 2031 res
1094 1982 1224 2048 magnae
1251 1989 1274 2030 rs

174 2085 330 2153 geruntur,
355 2079 410 2137 sed
434 2077 573 2151 consilio,
598 2078 792 2150 auctoritate,
822 2077 993 2152 sententia3
1023 2077 1136 2155 quibus
1161 2087 1223 2137 non

124 2188 159 2237 18
173 2185 263 2242 modo
292 2193 353 2241 non
381 2183 491 2257 orbari,
518 2183 573 2242 sed
601 2183 695 2242 etiam
721 2192 828 2258 augeri
853 2189 994 2243 senectus
1020 2183 1106 2243 solet.
1150 2183 1223 2243 Nisi

173 2290 255 2347 forte
274 2308 329 2364 ego
346 2289 441 2363 vobis,
457 2298 511 2364 qui
525 2294 557 2347 et
571 2288 662 2348 miles
676 2293 707 2347 et
721 2288 867 2348 tribunus
884 2293 916 2347 et
930 2288 1053 2365 legatus
1069 2294 1100 2348 et
1115 2289 1222 2348 consul

173 2401 315 2453 versatus
332 2414 400 2453 sum
416 2393 448 2450 in
464 2394 549 2452 vario
565 2413 676 2469 genere
693 2393 855 2466 bellorum,
873 2403 992 2453 cessere
1008 2413 1089 2453 nunc
1104 2394 1220 2467 videor,

172 2519 242 2559 cum
264 2499 346 2559 bella
366 2507 427 2556 non
450 2507 530 2574 gero,
574 2498 618 2557 At
641 2505 771 2572 senatui,
793 2517 871 2576 quae
894 2498 959 2558 sint
980 2498 1122 2574 gerenda,
1139 2518 1223 2576 prae-
1248 2517 1273 2556 ro

172 2605 272 2664 scribi)
301 2609 333 2663 et
360 2613 421 2680 quo
450 2605 554 2679 modin
584 2605 776 2680 Karthagini
801 2605 881 2665 male
905 2605 966 2664 iam
992 2606 1047 2664 diu
1071 2605 1223 2680 cogitanti

171 2710 289 2770 bellum
311 2710 408 2768 multo
430 2716 502 2768 ante
524 2711 687 2784 denunti63
716 2711 754 2770 de
775 2721 837 2788 qua
851 2721 952 2771 vereri
973 2721 1035 2770 non
1055 2719 1128 2771 ante
1146 2712 1222 2771 desi-

123 2823 157 2871 19
171 2836 242 2873 nam
265 2834 358 2892 quam
379 2815 466 2873 illam
488 2825 623 2874 excisam
645 2835 712 2875 esse
738 2825 916 2892 cognovero.
961 2817 1058 2888 Quam
1085 2817 1220 2894 palmam

171 2921 292 2980 utinam
307 2921 340 2979 di
354 2920 555 2995 immortales,
574 2921 684 2998 Scipio,
698 2922 756 2981 tibi
773 2927 941 2991 reservent,
955 2927 992 2981 ut
1006 2932 1057 2982 avi
1072 2922 1220 2999 reliquias

172 3027 372 3103 persequare!
398 3025 485 3085 citius
508 3034 526 3084 a
547 3031 647 3085 morte
668 3020 782 3086 tertius
803 3027 853 3093 hic
876 3032 907 3085 et
929 3027 1104 3087 tricesimus
1121 3046 1220 3087 annus
1247 3051 1273 3090 cs

153 3213 300 3261 tribunus.
339 3212 426 3274 Every
450 3212 537 3276 legion
560 3213 613 3262 had
636 3214 678 3263 six
714 3214 792 3277 cially
818 3222 878 3265 true
903 3230 970 3266 near
997 3216 1042 3266 the
1071 3216 1141 3266 close
1170 3216 1198 3265 of
1225 3216 1271 3266 the

120 3287 238 3349 military
251 3287 380 3336 tribunes
427 3289 505 3338 Some
517 3304 586 3338 were
599 3290 678 3339 elect
715 3292 852 3352 Republic.

119 3364 153 3413 ed
182 3365 217 3426 by
246 3365 292 3413 the
321 3367 428 3416 comitio
459 3368 568 3423 tributo,
598 3366 677 3415 while
745 3369 874 3430 legatus.
919 3369 976 3417 The
1003 3371 1085 3432 lepori
1107 3382 1176 3418 were
1199 3368 1272 3417 staif-

120 3441 211 3489 others
229 3453 298 3488 were
318 3441 462 3502 appointed
484 3443 520 3503 by
541 3443 586 3490 the
607 3456 678 3490 ccm—
714 3443 815 3492 officers
833 3443 886 3493 and
904 3459 981 3504 were,
1000 3459 1029 3493 as
1047 3459 1063 3493 a
1080 3445 1146 3505 rulo,
1163 3458 1225 3493 men
1243 3445 1272 3493 of
1339 3508 1343 3513 ⁵

119 3516 239 3566 mander.
274 3517 372 3580 Young
387 3531 448 3566 men
466 3517 494 3566 of
508 3518 605 3566 wealth
623 3518 677 3567 and
713 3519 857 3568 senatorial
874 3520 950 3581 rank,
970 3521 1124 3569 sometimes
1142 3535 1208 3570 even
1227 3534 1271 3569 ex-

119 3592 252 3643 iniluence
276 3593 351 3642 often
374 3593 485 3643 secured
511 3593 584 3643 these
607 3595 677 3655 posi·
713 3595 828 3645 consuls.
879 3597 954 3660 They
996 3610 1063 3645 were
1103 3596 1203 3646 second
1244 3596 1270 3644 in

118 3669 201 3728 tione,
214 3683 281 3720 even
296 3669 398 3732 though
413 3669 514 3731 utterly
525 3669 632 3732 lacking
648 3670 677 3718 in
712 3671 851 3734 authority
876 3672 940 3734 only
964 3677 992 3722 to
1015 3673 1062 3722 the
1088 3671 1270 3722 commander-

120 3746 237 3810 military
250 3746 415 3809 experiente.
450 3746 516 3795 This
532 3760 587 3796 was
603 3760 677 3807 espc-
712 3746 829 3797 in-chief.
