2754 4156
567 309 753 365 CHAPTER
777 309 829 363 XL

666 579 724 638 XI.

129 716 130 719 Ἴ
212 736 286 796 Nun
313 736 442 796 suntin
468 741 629 796 senectute
654 744 744 794 vires.
797 735 847 794 Ne
870 733 1071 812 postulantur
1095 733 1221 811 quidem

172 851 254 925 uires
276 851 295 900 u
315 847 483 901 senectute.
526 842 610 916 Ergo
628 847 660 900 et
677 840 797 916 legibus
814 847 845 898 et
859 839 1015 899 institutis
1032 845 1122 897 vacat
1136 845 1221 898 aetus

173 953 281 1007 nostra
301 946 481 1007 muneribus
503 956 555 1021 eie,
572 964 651 1024 quae
673 954 735 1004 nun
757 950 889 1023 possunt
910 945 977 1004 sine
995 944 1113 1004 viribus
1132 946 1222 1004 susti-

115 1085 119 1093 ·
173 1061 247 1111 neri.
290 1053 403 1130 itaque
424 1060 486 1111 nun
508 1053 606 1125 mode,
623 1052 707 1129 quod
728 1059 790 1110 non
811 1069 985 1128 possumus,
1001 1050 1056 1109 sed
1074 1060 1111 1109 ne
1129 1069 1223 1128 quan-

124 1165 158 1215 35
174 1165 240 1216 turn
263 1176 427 1236 possumus
449 1157 575 1236 quidem
601 1156 748 1233 cogimur.
792 1156 837 1215 At
861 1156 955 1215 multi
978 1156 1025 1215 ita
1045 1162 1118 1215 sunt
1140 1146 1223 1216 inbe'-
1260 1173 1272 1212 s

174 1263 239 1323 oilli
259 1273 357 1338 senes,
373 1269 409 1322 ut
430 1263 551 1321 nullum
567 1262 716 1322 officiant
731 1268 951 1320 omninuvitae
966 1272 1078 1321 munus
1094 1272 1222 1341 exsequi

175 1369 308 1446 possint.
351 1368 395 1428 At
409 1369 443 1428 id
456 1368 583 1446 quidem
598 1376 661 1427 non
674 1367 834 1445 proprium
849 1367 1020 1426 senectutis
1035 1367 1149 1427 vitium
1164 1373 1220 1442 est,

174 1474 229 1533 sed
243 1484 405 1534 commune
420 1473 617 1533 valetudinis.
659 1473 756 1544 Quam
773 1473 836 1531 init
851 1473 1015 1532 inbecillus
1029 1474 1064 1531 P.
1078 1461 1223 1533 diriouni

175 1577 271 1652 filius,
298 1579 324 1638 is
353 1588 408 1656 qui
435 1584 466 1638 te
493 1577 664 1656 adoptavit,
690 1597 784 1656 quam
811 1582 899 1637 tenui
926 1583 982 1637 aut
1006 1579 1093 1636 nullu
1117 1579 1221 1656 potius

175 1684 370 1744 valetudine!
413 1685 501 1755 Quod
522 1693 555 1742 ni
576 1683 621 1743 ita
643 1682 765 1754 fuisset,
788 1683 920 1742 alterurn
944 1683 1024 1742 illud
1048 1684 1223 1745 exstitisset
1249 1701 1273 1739 ro

174 1789 280 1849 lumen
307 1789 464 1865 civitutis3
496 1789 537 1848 ad
565 1795 727 1867 paternam
751 1789 835 1847 enim
860 1788 1105 1864 magnitudinem
1127 1789 1224 1848 animi

174 1895 316 1955 doctrina
330 1894 453 1954 uberior
468 1900 648 1954 accesserat.
692 1894 774 1964 Quid
789 1903 900 1952 mirum
921 1894 1018 1971 igitur
1037 1894 1069 1953 in
1088 1895 1221 1969 senibus,

175 2010 203 2060 si
221 2000 343 2059 infirmi
365 2001 429 2058 sint
450 2000 626 2077 aliqnando,
649 2019 718 2059 cum
743 2000 775 2059 id
798 2009 837 2058 ne
858 1999 1072 2059 adulescentes
1096 2001 1221 2078 quidem

175 2105 310 2182 effugere
332 2106 479 2184 possint?
522 2105 753 2179 Resistendum,
776 2105 864 2164 Laeli
884 2111 916 2164 et
938 2105 1052 2183 Scipio,
1069 2112 1224 2165 senectuti
1317 2110 1318 2114 ’

175 2217 231 2285 est,
247 2211 376 2289 eiusque
391 2210 471 2270 vitia
485 2211 650 2285 diligentie
663 2211 892 2287 compensanda
906 2216 1015 2300 suntD
1022 2212 1222 2287 pugnandum
1249 2225 1273 2264 u
1327 2218 1330 2226 ¹

125 2329 161 2380 36
174 2321 334 2393 tamqnam
356 2321 466 2376 contru
489 2317 630 2375 morbum
655 2325 700 2376 sio
724 2321 833 2375 coutru
857 2321 1059 2390 senectutem,
1081 2317 1223 2377 habenda
1264 2395 1271 2403 ·

175 2424 256 2482 ratiu
272 2421 468 2495 valetudinis,
485 2421 636 2481 utendum
653 2421 929 2481 exercitutiunibus
944 2421 1084 2495 modicia,
1099 2427 1223 2481 tantum

175 2527 237 2587 cibi
250 2534 282 2587 et
297 2527 433 2605 potionis
448 2527 667 2601 adhibendum,
683 2532 719 2586 ut
739 2526 917 2586 reficiantur
932 2536 1023 2599 vires,
1041 2535 1100 2585 nun
1123 2528 1224 2605 oppri-
1295 2534 1296 2537 ’

175 2639 327 2720 mantnr.0
351 2634 419 2692 Nec
444 2617 516 2692 reru
541 2642 664 2710 corpori
688 2632 788 2692 sulum
813 2631 1059 2691 subveniendum
1085 2639 1141 2706 est,
1169 2634 1223 2692 sed

176 2744 274 2798 menti
295 2744 389 2816 atque
411 2738 515 2797 animi)
538 2739 637 2797 multu
662 2738 777 2813 magis3
807 2756 878 2796 narn
903 2736 979 2796 haec
1004 2755 1135 2815 quoqne,
1162 2738 1223 2797 nisi
1249 2760 1273 2798 no

175 2850 334 2922 tamquam
362 2843 476 2903 lumini
498 2844 601 2902 oleum
622 2842 766 2915 instilleS,
789 2844 1033 2918 exstinguuntur
1055 2849 1221 2903 senectute.

174 2950 217 3009 Et
243 2947 373 3028 corpora
400 2949 527 3027 quidem
551 2949 810 3008 exercitationum
835 2949 1060 3023 defatigatione
1085 2949 1224 3024 ingrave-
1290 2960 1293 2966 '

156 3137 330 3186 muneribus
352 3127 408 3186 eis.
446 3133 539 3183 Under
560 3134 607 3184 the
630 3134 680 3184 Re·
749 3135 838 3184 filius.
873 3133 1043 3182 Hebcrehis
1057 3133 1170 3182 iather’s
1183 3147 1271 3192 name,

124 3210 222 3273 public,
236 3212 282 3260 the
297 3211 364 3274 legal
379 3210 471 3272 period
486 3209 583 3273 during
595 3210 680 3260 which
716 3210 827 3259 Publius
839 3208 979 3258 Cornelius
992 3208 1087 3270 Scipio,
1111 3209 1152 3259 Cf.
1166 3210 1219 3259 Cic.
1234 3212 1274 3260 De

99 3295 103 3300 '
125 3288 230 3336 Roman
253 3287 365 3336 citizens
384 3300 455 3335 were
473 3286 559 3335 under
582 3286 681 3348 obliga·
721 3286 771 3347 Off.
790 3287 810 3334 Ι.
828 3286 876 3346 33;
903 3286 959 3333 also
979 3287 1055 3335 Brut.
1078 3287 1115 3345 19,
1137 3287 1175 3345 ii,
1196 3287 1274 3346 filius

124 3363 181 3412 tion
190 3370 218 3412 to
229 3376 304 3412 serve
316 3363 343 3410 in
354 3363 399 3411 the
409 3376 486 3424 army
495 3376 550 3410 was
559 3363 681 3411 between
716 3363 822 3424 quidem
843 3365 909 3421 eius,
934 3366 958 3410 is
980 3364 1027 3422 qui
1049 3363 1120 3410 brino
1145 3364 1274 3411 minorem

123 3439 169 3488 the
187 3452 248 3501 ages
266 3438 295 3488 oi
314 3439 343 3488 17
361 3438 415 3487 and
432 3438 475 3487 46.
510 3438 543 3486 In
561 3451 635 3486 cases
653 3438 681 3486 of
719 3438 869 3500 Scipionem
885 3452 901 3487 c
918 3439 1005 3487 Paulo
1024 3439 1167 3498 nizonem-u,
1182 3440 1206 3486 si
1222 3451 1274 3486 cor-

122 3520 198 3576 great
205 3528 373 3577 emergency‚
383 3515 514 3575 however,
524 3514 588 3576 they
596 3512 682 3575 might
714 3529 778 3576 pore
792 3516 925 3572 coluisset,
940 3516 969 3562 in
977 3515 1076 3574 primis
1088 3515 1196 3562 nubitur
1209 3520 1275 3562 esset

123 3592 156 3639 be
165 3589 250 3640 called
260 3597 308 3639 out
318 3590 362 3639 for
371 3590 487 3651 military
495 3590 595 3638 service
604 3589 681 3638 when
717 3591 832 3640 disertus
839 3603 849 3653 ;
871 3590 991 3639 indicunt
1009 3603 1068 3637 curn
1089 3590 1275 3638 oratiunculae

32 3728 36 3734 .
122 3665 178 3715 still
190 3666 271 3716 older.
300 3663 681 3725 SeeSmith’sDircionurycs
718 3665 1044 3726 rumnisrormquneuam
1059 3664 1160 3713 Graeco
1176 3667 1275 3726 scripta

122 3742 295 3805 Antiquitr'es,
310 3756 358 3790 sv.
374 3743 521 3791 Exercitus.
718 3743 877 3791 dulcissime.
