2782 4162
548 278 734 340 CHAPTER
757 277 827 340 XX.
1200 278 1262 347 101

165 463 320 543 praesidio
341 468 374 524 et
394 462 529 524 statione
546 466 630 522 vitae
652 461 806 522 decedere.
850 460 973 520 Solonis
988 459 1114 538 quidem
1134 458 1214 536 sapi-

164 570 246 629 entis
267 574 316 629 est
338 568 482 645 elogium,
499 576 560 645 quo
581 577 614 628 so
635 567 823 642 negatvelle
845 585 932 626 suam
953 571 1084 624 mortem
1107 564 1213 624 dolore

164 682 331 734 amicorum
353 679 386 733 et
405 673 551 733 lomentis
573 682 690 732 vacare.
735 671 818 746 Volt,
841 671 940 744 oredo,
963 680 996 730 so
1017 675 1236 759 essenorum

165 788 248 855 suis3
270 779 326 838 sed
340 779 425 839 haud
439 778 503 838 scio
516 797 556 838 an
572 777 685 838 melius
699 777 836 835 Ennius:
998 768 1025 792 ⁴·
1070 786 1073 791 ·
1121 751 1203 807 (⁶⁸³³
1222 764 1225 775 ¹
1246 752 1293 783 ‘⁷⁸‘

290 927 292 930 ’
324 927 426 986 Nemo
440 935 489 984 mo
503 925 649 997 lacrumis
665 925 791 984 decoret
804 941 905 1001 neque
919 923 1031 984 funera
1044 922 1120 983 fletu
1254 944 1267 984 a

122 1041 222 1100 oux-⁴³
239 1028 289 1097 Ml
326 1031 466 1092 Faxiiae-
474 1065 514 1117 J
532 1062 567 1107 (s
583 1006 644 1145 :pi

166 1161 239 1238 Non
269 1184 376 1238 conset
404 1154 572 1255 logeirdam
602 1174 669 1237 esse
702 1183 842 1250 mortem,
873 1195 965 1254 qnam
997 1175 1217 1235 immortalitas

117 1290 154 1345 74
167 1289 382 1361 consequatur.
419 1283 488 1342 Iam
503 1293 613 1343 sensus
628 1283 781 1342 moriendi
794 1282 909 1359 aliquis
921 1300 990 1343 esse
1001 1286 1115 1360 potest,
1128 1281 1217 1358 isque

167 1388 208 1448 ad
222 1387 368 1464 exiguum
382 1392 516 1465 tempus
533 1387 719 1465 praesertim
739 1396 822 1462 seni;
845 1391 917 1465 post
937 1392 1069 1446 mortem
1092 1387 1218 1463 quidem

169 1503 278 1554 sonsus
295 1499 351 1553 aut
367 1492 523 1570 optandus
541 1499 597 1553 aut
613 1491 720 1552 nullus
734 1498 790 1552 est.
834 1492 894 1552 Sed
909 1492 966 1551 hoe
982 1491 1167 1551 meditatum
1181 1492 1220 1551 ab
1246 1513 1269 1551 ιο

168 1597 382 1658 aduloseentio
402 1597 495 1658 debet
515 1615 593 1670 esse,
615 1602 747 1657 mortem
772 1602 809 1656 ut
834 1597 1042 1674 neglegamus
1066 1597 1134 1655 sine
1159 1606 1221 1673 quo

168 1703 372 1763 meditatione
397 1702 570 1781 tranquillo
592 1702 697 1763 animo
722 1691 791 1762 esse
817 1711 905 1761 nemo
930 1707 1042 1779 potest.
1088 1702 1221 1761 Morien-

168 1808 242 1867 dum
263 1808 348 1868 enim
369 1813 454 1868 certe
475 1813 532 1882 est,
548 1814 580 1868 et
599 1807 753 1867 incertum
770 1826 810 1867 an
824 1807 883 1867 hoo
901 1807 969 1887 ipso
983 1807 1042 1866 dio.
1085 1808 1221 1866 Mortem

168 1912 266 1988 igitur
280 1913 424 1974 omnibns
441 1912 527 1973 horis
541 1912 772 1990 impendentem
788 1911 902 1972 tirnous
918 1897 1104 1990 iliii‘iioterit
1118 1913 1221 1970 animo

118 2026 154 2076 75
169 2018 365 2078 consistere?
406 2019 455 2078 Do
475 2027 537 2095 quo
560 2026 622 2076 non
642 2017 689 2077 ita
708 2017 804 2092 longa
823 2017 1036 2094 disputatione
1053 2037 1132 2094 opus
1153 2035 1220 2076 esse
1247 2037 1273 2077 u

169 2121 302 2198 videtur,
328 2141 399 2183 cum
425 2123 568 2182 recorder
596 2131 658 2181 non
686 2123 720 2180 L.
747 2123 891 2197 Brutum,
917 2132 972 2200 qui
1000 2122 1034 2181 in
1062 2122 1223 2182 liberanda

168 2227 273 2306 patrio
292 2233 342 2288 est
362 2228 559 2301 interfectus
575 2236 637 2286 non
658 2228 735 2287 duos
753 2228 874 2302 Decios
890 2237 944 2304 qui
957 2228 998 2287 ad
1013 2228 1222 2287 voluntariam

151 2414 287 2476 elogium.
328 2413 395 2463 This
417 2414 513 2475 saying
534 2413 584 2462 has
607 2414 675 2462 been
714 2412 797 2474 Weep
814 2417 871 2472 not,
890 2412 1003 2462 beloved
1022 2412 1152 2462 Friendsi
1171 2427 1221 2462 nor
1237 2412 1274 2463 let

117 2488 260 2550 preserved
283 2490 319 2551 by
344 2489 470 2538 Plutarch
493 2489 521 2537 in
544 2489 586 2538 his
606 2502 677 2537 com·
745 2488 790 2538 the
802 2488 843 2537 air

117 2565 226 2626 parison
262 2565 291 2614 of
327 2564 409 2614 Solon
439 2564 493 2614 and
528 2564 673 2614 Publicola
713 2565 765 2613 For
781 2578 823 2613 me
839 2564 905 2613 with
921 2562 993 2627 signs
1006 2565 1039 2614 be
1055 2564 1201 2615 troubled.'
1221 2566 1274 2615 Not

118 2638 211 2690 Cicero
242 2641 291 2689 has
323 2641 386 2690 thus
418 2640 566 2690 translated
597 2641 619 2690 it
648 2641 677 2689 in
745 2641 815 2689 from
827 2641 874 2689 life

122 2716 410 2778 Tusc.1.49,lii:—
715 2717 789 2765 Have
808 2718 820 2765 l
841 2718 908 2766 been
926 2716 1008 2766 taken
1018 2734 1025 2778 ;
1049 2717 1103 2766 this
1119 2717 1142 2766 is
1158 2719 1273 2781 genuine

118 2812 192 2861 Mors
203 2825 308 2862 meane
321 2818 411 2862 careat
422 2812 555 2875 lacrimis;
572 2812 677 2875 linqua·
746 2791 792 2841 life
812 2814 814 2818 '

151 2902 210 2937 mus
222 2888 316 2939 amicis
713 2868 776 2917 And
789 2869 842 2917 this
860 2869 945 2929 alone,
956 2869 1040 2918 —the
1055 2867 1102 2918 life
1115 2869 1201 2919 which
1213 2884 1275 2919 now

118 2963 277 3027 Maerorem,
296 2970 328 3015 ut
345 2965 481 3015 celebrent
500 2965 597 3015 funera
615 2979 676 3015 eum
746 2944 822 2994 Ilile

149 3040 259 3103 gemitu,
713 3021 745 3069 In
752 3034 833 3082 peace
841 3019 942 3070 eternal
953 3038 960 3082 ;
972 3021 1060 3069 where
1070 3020 1155 3070 desire
1163 3022 1217 3070 and
1228 3023 1273 3084 juy

151 3143 252 3194 mmf,
327 3146 419 3195 pust
459 3143 667 3194 chu30134
712 3097 844 3159 Together
858 3110 934 3146 move
952 3097 980 3145 in
998 3096 1149 3159 lellowship
1161 3098 1273 3148 without

117 3180 427 3270 fortnefuh'firmzss
495 3183 501 3195 '
584 3181 624 3192 ''
670 3181 675 3202 ’
744 3172 805 3222 end·

118 3315 203 3365 Nemo
215 3329 257 3365 me
269 3315 386 3366 lacrimis
399 3316 507 3366 decoret
518 3329 568 3367 nec
580 3316 677 3365 funera
746 3337 780 3385 Β,
805 3336 939 3385 Βη-ιωω
986 3335 1016 3383 L¹
1043 3334 1142 3384 Junius
1165 3336 1273 3395 Brutus,

150 3390 216 3478 ssim
413 3467 419 3480 ι
485 3468 491 3480 ³
713 3410 760 3459 the
779 3409 870 3459 leader
887 3410 916 3458 oi
936 3410 982 3458 the
1000 3410 1094 3472 people
1115 3412 1142 3459 in
1163 3411 1207 3459 tire
1230 3425 1274 3458 ex-

118 3467 207 3554 Fame.
245 3467 324 3518 ⁰¹¹¹?
358 3467 450 3519 V⁰¹¹t⁰
467 3482 543 3518 Vllus
563 3481 612 3529 per
631 3480 678 3516 ⁰1³¹
713 3485 819 3548 pulsion
835 3485 863 3534 oi
880 3485 1041 3547 Tarquinius
1059 3487 1204 3547 superbae,
1218 3484 1272 3535 and

151 3556 246 3594 virum.
715 3576 766 3612 one
777 3562 806 3611 oi
818 3562 863 3610 the
877 3560 935 3610 first
952 3566 1006 3610 two
1023 3561 1138 3621 consuls,
1153 3563 1202 3611 509
1221 3576 1272 3609 ac.

153 3638 193 3689 Cf.
210 3640 276 3689 wilh
293 3641 347 3690 this
366 3639 577 3691 Wordsworth's
593 3644 680 3690 trans-
717 3637 856 3687 Tradition
869 3650 931 3698 says
942 3636 976 3685 he
988 3650 1043 3686 was
1056 3637 1125 3686 siaiu
1142 3638 1171 3685 in
1189 3635 1274 3696 single

119 3713 203 3766 laticn
211 3717 239 3765 oi
250 3717 400 3768 Francesco
408 3716 500 3768 Ceni’s
509 3716 622 3780 epitaph
633 3735 639 3766 :
651 3745 681 3753 -
718 3714 825 3763 combat
836 3715 871 3774 hy
882 3713 982 3771 Amns,
993 3713 1097 3762 theson
1107 3711 1273 3774 oiTarquin
