2782 4162
390 267 494 334 CATO
519 267 650 333 Milon
674 267 727 332 Di:
753 266 993 334 SENECTUTE.

162 455 246 534 Equi
272 455 367 517 fortis
391 460 423 516 et
447 455 578 517 victoris
607 461 763 516 senectuti
790 460 950 534 comparat
979 473 1074 515 suam.
1118 454 1214 524 Quem

163 561 288 639 quidem
308 562 403 639 probe
422 562 602 622 meminisse
617 563 768 639 potestis;
791 570 873 621 anno
887 561 971 621 enim
985 559 1216 620 undevicesimo

162 672 235 744 post
255 667 322 727 eius
344 676 475 727 mortem
490 667 524 726 hi
538 668 691 741 consules,
707 669 741 726 T.
758 667 954 726 Flamininus
970 672 1002 725 et
1014 666 1067 724 M'.
1085 664 1215 738 Acilius,

163 773 242 831 facti
263 778 353 849 sunt3
377 773 432 833 ille
453 781 558 832 autem
574 773 728 851 Caepione
745 778 776 832 et
790 772 941 850 Philippo
956 772 1071 831 iterum
1087 769 1217 830 consuli-

164 878 221 937 bus
243 885 385 937 mortuus
400 884 457 953 est,
473 897 543 938 cum
558 897 615 955 ego
631 887 769 955 quinque
784 883 816 937 et
831 878 995 954 sexaginta
1009 884 1106 936 annos
1124 880 1217 934 natus
1255 889 1269 927 ⁶

164 983 264 1059 legem
279 983 449 1043 Voconiam
472 992 584 1058 magna
605 991 679 1042 voce
701 989 733 1043 et
755 983 843 1043 bonis
865 982 1016 1042 lateribus
1038 981 1215 1040 suasissem.

165 1087 274 1146 Annos
296 1089 498 1166 septuaginta
518 1096 611 1148 natus
632 1092 695 1167 (tot
717 1088 801 1147 enim
823 1088 903 1147 vixit
923 1087 1062 1163 Ennius)
1082 1087 1128 1145 ita
1142 1085 1219 1144 fere·

165 1193 219 1252 bat
247 1193 316 1268 duc,
345 1212 425 1272 quae
454 1193 591 1253 maxima
618 1198 780 1272 putantur,
810 1211 912 1266 onera,
942 1197 1157 1270 paupertatem
1187 1195 1219 1250 et

165 1303 367 1373 senectutem,
382 1304 419 1359 ut
434 1308 478 1359 eis
493 1317 590 1376 paene
606 1299 756 1358 delectari
769 1298 936 1357 videretur.

116 1409 149 1459 15
205 1403 342 1478 Etenim,
358 1421 427 1463 cum
450 1403 640 1481 complector
659 1403 772 1478 anime,
792 1408 941 1480 quattuor
960 1401 1081 1479 reperio
1100 1409 1217 1474 causes
1246 1422 1269 1460 ιο

166 1518 221 1568 cur
242 1514 387 1569 senectus
408 1508 523 1569 misera
543 1509 705 1569 videatur:
734 1518 838 1583 unam,
860 1507 944 1585 quod
965 1512 1074 1566 avocet
1094 1506 1218 1566 erebus

166 1615 327 1691 gerendis;
356 1614 495 1688 alteram,
519 1615 602 1693 quod
623 1633 737 1691 corpus
757 1613 855 1674 faciat
876 1613 1053 1688 infu·1nius;
1082 1612 1217 1686 tertiam,

167 1720 250 1796 quod
265 1726 368 1797 privet
379 1719 445 1779 iere
460 1720 604 1780 omnibus
617 1718 852 1797 voluptatibus3
871 1723 1025 1797 quartam,
1038 1718 1121 1795 quod
1135 1717 1220 1776 haud

166 1825 275 1902 procul
296 1825 378 1885 absit
399 1834 418 1884 a
438 1829 545 1885 morte.
587 1826 714 1898 Earum,
738 1834 765 1885 si
786 1824 898 1903 placet,
912 1833 1081 1883 causarum
1103 1828 1221 1901 quanta

167 1947 323 2008 quamque
346 1930 388 1990 sit
410 1929 494 1990 insta
514 1940 578 1990 nna
599 1948 749 2008 quaeque,
774 1929 944 1989 videamus.
1246 1955 1271 1996 15

664 2165 720 2226 VI.

208 2284 238 2354 Ᾱ
259 2296 350 2355 rebus
372 2295 514 2373 gerendis
537 2301 680 2356 senentis
702 2295 866 2356 abstrahit.
910 2295 1057 2367 Quibus?
1100 2296 1152 2354 An
1165 2304 1220 2370 eis,

168 2419 248 2478 quae
269 2400 432 2461 iuventute
455 2406 606 2477 geruntur
627 2407 659 2460 et
682 2401 827 2461 viribus?
870 2401 1025 2460 Nullasne
1051 2400 1148 2476 igitur
1172 2408 1220 2459 res

169 2513 242 2566 sunt
271 2507 395 2581 seniles,
425 2525 503 2584 quae
532 2507 582 2566 vel
610 2507 748 2567 infirmis
775 2506 958 2584 corporibus
986 2506 1089 2566 animo
1116 2511 1221 2565 tamen

168 2611 455 2672 administrentur?
511 2610 602 2670 Nihil
632 2619 705 2688 ergo
735 2611 846 2687 agebat
876 2611 911 2682 Q.
942 2611 1110 2686 Maximus,
1141 2609 1222 2669 nihil

121 2799 209 2850 tabere
229 2799 323 2859 dicere,
343 2812 397 2860 qao
420 2799 450 2847 dc
473 2812 502 2848 re
525 2799 586 2861 quis
601 2800 679 2848 vellet
716 2811 751 2847 no
774 2812 825 2847 one
848 2797 968 2848 enrolled
990 2813 1020 2848 as
1042 2798 1141 2860 having
1165 2799 1273 2858 loacas

120 2875 224 2926 audire.
715 2879 844 2924 sesterces
862 2874 960 2924 should
977 2873 1055 2924 make
1073 2888 1089 2924 a
1108 2887 1213 2923 woman
1231 2874 1274 2922 his

153 2950 392 3000 '1¹.Plamlnlnus.
430 2948 564 3011 Probably
572 2949 618 2998 the
630 2964 678 2999 son
716 2951 782 3000 heir.
815 2954 840 3011 2,
853 2951 972 3000 Theano
984 2964 1034 3000 one
1047 2949 1165 3000 enrolled
1177 2950 1274 2999 should

121 3025 150 3075 ol
161 3026 207 3074 the
221 3025 391 3074 Flamininus
406 3025 561 3074 mentioned
577 3026 603 3074 in
617 3026 637 3075 1.
654 3028 675 3075 1.
716 3026 774 3089 give
800 3027 829 3075 iu
853 3027 968 3089 legacies
993 3040 1067 3075 more
1092 3027 1159 3076 than
1185 3025 1273 3074 woirld

154 3102 307 3162 caepione
338 3106 370 3151 et
401 3102 540 3164 Philippo
571 3103 680 3152 iterum
716 3116 792 3151 corne
814 3107 843 3152 to
866 3103 912 3153 the
932 3103 990 3152 heir
1013 3117 1044 3152 or
1063 3103 1142 3164 heire,
1163 3105 1208 3152 ic.
1227 3102 1293 3153 the.

122 3177 308 3228 cdneulibus.
354 3176 403 3226 Cn.
430 3178 557 3226 Servilius
580 3177 679 3239 Caepio
716 3178 775 3227 heir
792 3192 822 3227 or
838 3178 910 3228 heirs
927 3178 1023 3228 should
1040 3179 1142 3228 receive
1160 3185 1188 3226 at
1206 3177 1274 3227 least

122 3251 175 3301 and
192 3251 223 3312 Q.
242 3252 360 3301 Marcius
378 3253 518 3314 Philippus
534 3267 602 3303 were
618 3268 680 3302 con·
717 3254 775 3303 hall
796 3254 842 3303 the
865 3261 957 3304 estate.
995 3254 1052 3303 The
1074 3253 1127 3303 law
1150 3267 1204 3302 was
1228 3253 1274 3302 de-

121 3327 177 3377 suls
191 3328 239 3377 169
251 3342 304 3377 uc.
348 3331 445 3379 iterum
462 3329 562 3390 applies
576 3329 640 3391 only
653 3337 680 3378 to
717 3329 810 3393 signed
826 3336 854 3379 to
871 3329 955 3380 check
972 3330 1018 3379 the
1035 3335 1229 3392 extravaganco
1247 3329 1276 3378 cl

122 3403 270 3465 Philippus,
290 3404 349 3453 who
369 3405 422 3454 bad
441 3405 510 3454 been
529 3405 621 3455 consul
640 3406 682 3454 lor
718 3420 822 3455 women
839 3407 874 3468 by
887 3405 1004 3468 limiting
1019 3406 1089 3454 their
1104 3418 1207 3466 insane,
1221 3403 1276 3454 and

124 3479 168 3528 the
180 3478 239 3529 first
251 3480 316 3529 time
329 3481 355 3528 in
368 3481 414 3530 the
426 3494 491 3542 year
504 3481 550 3529 186
564 3496 617 3531 no.
719 3481 774 3530 also
785 3487 814 3531 to
826 3481 894 3543 keep
908 3483 953 3531 the
968 3487 1063 3543 estate,
1077 3494 1107 3529 as
1120 3481 1164 3530 far
1175 3494 1205 3531 as
1217 3494 1277 3543 poe-

155 3556 253 3618 legem
270 3557 448 3607 Vocdnlam.
486 3558 542 3606 The
560 3557 611 3606 law
628 3571 682 3606 was
718 3556 793 3616 sible,
810 3558 837 3606 in
855 3558 900 3606 the
917 3558 1069 3620 possession
1088 3557 1116 3606 of
1133 3557 1179 3605 the
1196 3561 1277 3606 testa-

122 3631 254 3692 proposed
270 3633 305 3695 by
318 3633 364 3681 the
382 3633 489 3682 tribune
502 3633 532 3694 Q.
546 3633 682 3682 Voconius
719 3635 785 3683 tcr’s
802 3632 906 3695 family.
917 3661 948 3669 -
959 3633 1071 3682 Sinith’s
1089 3634 1162 3683 Dict.
1182 3633 1273 3695 elatio.

124 3706 202 3768 Saxa,
219 3709 266 3758 169
277 3722 330 3759 nc.
374 3708 400 3758 It
411 3707 553 3771 provided:
575 3711 598 3772 1,
611 3709 683 3758 Thac
719 3709 772 3758 vol.
786 3709 821 3759 ΙΙ.
832 3723 853 3759 s.
867 3723 890 3759 v.
910 3710 970 3760 Voc.
984 3708 1048 3759 Lea.
