2782 4162
411 308 516 375 CATO
541 308 671 375 ΜᾸΙΟΒ
696 309 748 373 DF]
774 309 1014 375 SENECTUTE.

185 495 319 555 alterum
341 495 536 555 censuletum
557 496 702 574 pontifex
724 495 878 556 maximus
897 495 1000 556 factus
1016 501 1107 569 esset,
1123 496 1237 572 viginti

185 607 218 660 et
238 601 315 661 duos
337 609 434 660 annes
457 610 486 661 ei
506 601 679 661 sacerddtid
701 601 849 679 praefuit,
867 601 912 660 ita
929 602 1017 660 bonis
1033 619 1100 661 esse
1118 601 1236 662 viribus

185 712 323 766 extreme
344 711 484 784 tempore
505 708 628 780 aetatis,
646 712 684 766 ut
704 706 948 766 adulescentiam
969 714 1032 765 non
1053 713 1235 784 requireret.

184 811 276 870 Nihil
297 830 423 871 necesse
445 817 494 871 est
517 812 594 870 mihi
619 813 657 870 de
681 822 730 870 me
755 811 824 888 ipse
848 812 958 885 dicere,
975 829 1163 888 quamquam
1188 817 1237 871 est

184 916 218 976 id
232 916 359 994 quidem
373 917 470 977 senile
485 923 644 996 aetatique
659 922 785 976 nostrae
805 916 992 977 conceditur.

693 1112 733 1171 X.

134 1237 168 1288 31
223 1224 396 1299 Videtisne,
411 1229 448 1284 ut
469 1225 552 1302 apud
571 1225 745 1284 Homerum
760 1225 942 1302 saepissime
956 1225 1074 1285 Nestor
1088 1225 1126 1285 de
1140 1225 1237 1285 virtu-

183 1329 268 1389 tibus
287 1339 351 1390 suis
366 1329 551 1407 praedicet?
595 1330 735 1390 Tertiam
749 1330 811 1389 iam
826 1330 910 1390 enim
924 1335 1060 1390 aetatem
1075 1330 1236 1390 hominurn

183 1435 319 1509 videbat,
341 1454 397 1494 neo
422 1441 491 1495 erat
515 1444 545 1495 ei
569 1436 749 1509 verendum,
771 1444 810 1509 ne
835 1445 909 1495 vera
933 1435 1115 1513 praedicens
1140 1436 1178 1495 de
1203 1445 1235 1495 se

182 1540 276 1598 nimis
298 1540 458 1600 videretur
483 1546 538 1600 aut
563 1541 700 1599 insolens
726 1546 781 1600 aut
805 1541 928 1617 loquax.
971 1540 1107 1613 Etenim,
1131 1547 1165 1598 ut
1190 1540 1236 1601 ait

184 1645 348 1718 Homerus,
365 1650 421 1704 ‘ex
436 1637 502 1705 eius
517 1645 625 1721 lingna
639 1645 732 1704 melle
746 1645 867 1704 dulcior
881 1645 997 1705 fluebat
1012 1645 1129 1720 eretid,'
1142 1664 1235 1723 quam
1261 1663 1286 1703 ιο

183 1750 223 1809 ad
247 1750 436 1810 suavitatem
464 1749 560 1809 nullis
589 1751 699 1825 egebat
726 1750 866 1828 corporis
889 1750 1017 1830 viribus.
1060 1751 1103 1810 Et
1131 1755 1237 1809 tamen

183 1855 247 1914 dux
267 1855 322 1914 ille
344 1854 494 1915 Graeciae
515 1874 669 1932 nusquam
691 1860 788 1932 optat,
806 1860 843 1914 ut
861 1843 966 1915 Aiacis
988 1855 1101 1914 similis
1123 1855 1236 1914 habeat

222 1978 297 2032 cem,
316 1960 370 2020 sed
391 1965 427 2018 ut
448 1960 608 2034 Nestoris3
632 1961 757 2036 quodsi
773 1959 832 2021 sibi
850 1960 1008 2034 acciderit,
1024 1968 1086 2018 nen
1102 1960 1234 2034 dubitat,

112 1961 259 2141 &Xan
280 2067 366 2124 brevi
381 2064 423 2124 sit
441 2064 534 2124 Troia
552 2064 701 2143 peritura.
744 2065 805 2124 Sed
822 2066 913 2125 redee
929 2065 969 2124 ad
984 2074 1040 2124 me.
1084 2065 1236 2135 Quartum

40 2118 86 2244 il*
183 2178 239 2247 age
261 2189 376 2230 annum
398 2175 431 2230 et
452 2169 691 2245 octogesimum
715 2170 829 2230 vellem
852 2169 997 2248 equidem
1015 2169 1097 2229 idem
1112 2188 1236 2248 possem
1262 2179 1287 2220 1⁶

164 2357 245 2417 apud
257 2356 431 2405 Homerum.
466 2353 690 2416 11.1.260;V11.
728 2353 791 2403 And
808 2368 870 2403 now
887 2354 920 2403 he
937 2353 1014 2404 ruled
1031 2354 1077 2403 the
1094 2352 1175 2403 third.
1211 2352 1287 2403 With

132 2432 180 2480 124
193 2431 220 2480 ff.
234 2448 240 2493 3
260 2432 307 2480 Xl.
323 2430 371 2480 668
383 2430 412 2478 ff.
759 2430 875 2492 prudent
887 2431 974 2480 words

164 2510 285 2558 Nestor.
321 2506 374 2556 Son
393 2506 421 2555 oi
439 2505 537 2555 Neleus
555 2505 609 2555 and
625 2505 692 2568 king
728 2507 769 2555 He
789 2507 853 2556 thus
872 2506 1016 2557 addressed
1036 2506 1081 2555 the
1105 2505 1240 2569 assembly
1258 2505 1288 2555 of

132 2583 160 2632 ot
178 2583 268 2645 Pylos,
283 2583 389 2631 famous
402 2595 500 2644 among
516 2581 562 2630 the
577 2582 695 2631 Grecian·
761 2582 805 2632 the
818 2583 912 2633 chieis.

130 2659 225 2708 heroes
242 2664 270 2707 at
290 2660 362 2722 'l'roy
383 2658 425 2707 ior
444 2658 486 2707 his
505 2657 617 2706 wisdom
637 2657 691 2707 and
759 2682 866 2746 hm
976 2697 1082 2746 decem
1127 2693 1162 2744 Cf
1191 2695 1218 2745 Η
1247 2694 1276 2743 Π

130 2735 285 2824 el⁰que¹i⁰e'
727 2770 816 2831 371-4,
829 2773 925 2833 Pope's
937 2771 1098 2821 translation
1108 2789 1156 2820 :—

163 2816 199 2861 ut
215 2815 259 2860 art
277 2811 435 2860 Homerus.
473 2809 516 2858 Oi.
536 2811 570 2859 ll.
589 2809 610 2860 Ι.
625 2809 692 2859 315-

131 2886 188 2948 322,
202 2885 562 2949 Bryant’stranslatiou:-
727 2877 786 2928 Ohl
816 2878 905 2927 would
934 2878 978 2928 the
1007 2877 1080 2942 gods,
1110 2877 1139 2926 in
1167 2877 1225 2927 love
1257 2881 1287 2927 to

761 2953 869 3015 Greece,
883 2953 977 3004 deorse

727 3030 782 3079 But
800 3037 845 3080 ten
863 3032 928 3080 such
947 3044 1024 3094 sages
1041 3043 1071 3079 as
1088 3030 1153 3092 they
1165 3033 1244 3093 grant
1259 3030 1287 3080 ln

760 3107 838 3156 theel
1258 3113 1261 3122 ’

728 3182 799 3232 Such
821 3182 934 3232 wisdom
957 3197 1024 3232 soon
1051 3180 1147 3232 should
1171 3180 1288 3231 Priam’s

760 3259 833 3308 force
845 3258 953 3321 destroy
964 3275 970 3317 ς

727 3334 790 3383 And
812 3349 877 3384 soon
900 3334 996 3384 should
1021 3333 1067 3384 fall
1095 3334 1140 3383 the
1166 3333 1288 3396 haughty

759 3417 856 3460 towers
868 3411 896 3460 of
907 3412 987 3473 Troy.

422 2992 477 3040 But
489 3005 550 3040 now
561 3004 658 3053 uprosc

131 3070 237 3130 Nestor,
267 3068 312 3118 the
342 3073 442 3117 master
475 3067 504 3117 ot
537 3067 690 3130 persuasive

163 3145 269 3207 speech,

131 3222 187 3270 The
200 3219 366 3270 clear-toned
377 3219 474 3282 Pylian
487 3225 585 3281 orator,
600 3220 690 3270 whose

164 3304 263 3358 tongue

76 3388 79 3393 ·
131 3373 258 3435 Dropped
286 3372 374 3422 words
406 3387 480 3422 more
508 3375 591 3422 sweet
623 3373 690 3422 than

163 3451 260 3511 honey.
296 3449 337 3498 He
349 3448 403 3498 had
415 3463 478 3498 seen

131 3527 195 3574 Two
218 3525 388 3587 generations
411 3525 471 3575 that
491 3538 562 3588 grew
579 3537 616 3586 up
636 3523 690 3573 and
726 3522 806 3586 Ajax',
821 3538 870 3572 son
888 3523 916 3573 oi
934 3523 1072 3581 Telamon,
1085 3521 1151 3585 king
1168 3522 1196 3572 oi
1214 3521 1289 3572 Sala-

163 3601 235 3650 lived
726 3600 786 3661 mis,
810 3614 865 3649 was
894 3599 994 3649 second
1022 3598 1086 3661 only
1111 3605 1139 3648 to
1168 3597 1288 3648 Achilles

132 3677 208 3726 With
238 3678 294 3727 him
326 3692 361 3727 on
390 3677 483 3728 sacred
512 3675 595 3740 Pylos
629 3689 691 3739 pass
726 3689 825 3739 among
846 3676 892 3725 the
915 3675 1017 3726 Greeks
1040 3675 1069 3724 in
1088 3673 1210 3738 strength
1234 3673 1289 3724 and

164 3767 250 3815 away,
726 3751 808 3803 valor.
