2782 4162
147 300 189 364 68
421 290 524 355 CATO
550 290 680 354 MIIIOR
702 288 754 353 DE
780 288 1021 354 SENEOTIJTE.

197 476 286 534 dere:
313 477 385 535 ‘Dis
405 475 646 551 immortalibus,
668 485 723 554 qui
743 484 792 535 me
813 483 876 535 nen
896 474 1037 552 accipere
1058 474 1150 534 modo
1171 472 1247 533 haec

198 591 216 641 a
230 581 399 642 maioribus
415 582 589 656 voluerunt,
606 582 661 641 sed
675 581 771 640 etiam
785 586 919 659 posteris
933 579 1082 657 prodere)

673 807 766 867 VIII.

238 941 281 1000 Et
306 939 416 998 melius
444 897 604 999 Caecilius
623 938 661 998 de
690 957 763 998 sene
790 937 883 997 alteri
911 937 1012 997 saeclo
1041 936 1248 1016 prospiciente

198 1065 292 1124 quam
307 1044 388 1104 illud
401 1044 500 1103 idem:

317 1183 446 1260 Edepol,
462 1188 614 1256 senectus,
631 1193 658 1243 si
672 1183 717 1241 nil
732 1183 899 1260 quicquam
914 1182 1001 1242 aliud
1015 1182 1075 1242 viti
1235 1169 1236 1173 ¹
1288 1199 1302 1240 1

317 1289 474 1366 Adportes
489 1294 601 1363 tecum,
616 1306 687 1347 cum
701 1289 839 1362 advenis,
854 1299 952 1347 unum
966 1287 1000 1346 id
1015 1292 1062 1347 sat
1078 1292 1135 1362 est,

319 1394 408 1465 Quod
423 1394 477 1453 diu
492 1394 624 1452 viveude
640 1393 749 1467 multa,
765 1412 844 1470 quae
859 1402 923 1452 non
937 1394 1012 1468 volt,
1027 1393 1122 1452 videt.

198 1534 242 1593 Et
261 1533 362 1592 multa
382 1532 527 1607 fertasse,
551 1551 629 1609 quae
651 1532 736 1591 volt!
759 1537 852 1610 atque
875 1532 909 1590 in
930 1550 974 1607 ea,
990 1551 1070 1611 quae
1092 1539 1155 1590 nen
1171 1530 1247 1607 volt,

199 1657 290 1716 saepe
315 1638 411 1697 etiam
439 1637 651 1739 adulescentia
678 1637 820 1697 incurrit.
864 1636 950 1697 Illud
974 1646 1047 1696 vero
1072 1636 1154 1695 idem
1177 1636 1250 1698 (lae

198 1744 290 1804 cilius
304 1743 450 1803 vitiosius
461 1742 525 1818 1111,
1276 1751 1301 1791 10

319 1883 397 1940 Turn
414 1881 558 1959 equidem
572 1880 607 1940 111
622 1887 747 1941 senecta
760 1881 819 1940 hoo
834 1881 949 1958 deputo
963 1883 1182 1961 miserrimum,

319 1987 442 2046 Sentire
458 1995 494 2045 ea
507 1991 610 2046 aetete
624 2004 751 2062 eumpse
765 2004 833 2046 esse
848 1987 990 2046 odiosum
1004 1989 1105 2049 alteri.
1200 2027 1204 2033 -

147 2127 184 2179 26
198 2126 374 2186 Iucundum
396 2125 501 2202 potius
523 2144 616 2202 quam
638 2125 787 2184 odiosum.
830 2128 874 2186 Ut
896 2125 979 2185 enim
998 2128 1249 2192 adulescentibus

198 2231 279 2291 bona
300 2231 405 2290 indole
426 2231 576 2307 praeditis
600 2230 756 2309 sapientes
775 2240 863 2290 senes
879 2231 1074 2292 delectantur
1089 2235 1249 2313 leviorque

198 2336 235 2396 fit
256 2341 400 2396 senectus
423 2344 537 2409 eornm,
553 2346 607 2413 qui
628 2344 647 2395 a
668 2335 831 2395 iuventute
854 2336 1000 2396 coluntur
1015 2343 1047 2397 et
1064 2339 1247 2417 diliguntur,
1275 2365 1302 2406 1s

198 2451 242 2501 sic
264 2441 479 2501 adulescentes
502 2459 611 2500 senum
633 2444 808 2517 praeceptis
830 2442 975 2517 gaudent,
994 2443 1108 2520 quibus
1129 2447 1169 2504 ad
1190 2446 1250 2505 vir-

197 2552 301 2607 tritum
320 2546 425 2606 studia
440 2547 614 2621 ducuntur3
636 2565 692 2605 nec
708 2545 810 2607 minus
826 2545 974 2624 intellege
989 2557 1037 2608 me
1053 2550 1140 2610 vobis
1154 2568 1249 2629 quam

198 2652 277 2710 mihi
291 2660 347 2712 vos
364 2669 431 2711 esse
450 2651 610 2711 iucundos.
655 2651 717 2711 Sed
731 2651 856 2725 videtis,
871 2657 908 2713 ut
923 2659 1067 2714 senectus
1080 2663 1144 2714 11011
1157 2657 1249 2717 modo

197 2757 345 2833 languida
367 2762 460 2834 atque
482 2756 566 2815 iners
589 2757 725 2830 nonsit,
748 2766 856 2817 verum
881 2758 976 2817 etiam
999 2759 1042 2818 sit
1065 2768 1195 2838 operesa
1210 2768 1249 2822 et

198 2882 321 2940 semper
341 2872 436 2940 agens
457 2862 580 2938 aliquid
601 2868 633 2922 et
655 2862 794 2936 1110110110,
811 2863 875 2922 tale
894 2863 1021 2938 scilicet
1038 2865 1130 2942 quale
1149 2867 1250 2927 cuius·
1274 2891 1300 2932 ao

197 2988 257 3048 que
280 2969 419 3029 studium
437 2968 470 3026 iu
486 2967 645 3044 superiore
661 2973 727 3028 vita
741 2968 812 3028 fuit.
834 3049 838 3055 ι
856 2969 964 3040 Quid?
986 2980 1041 3049 qui
1055 2970 1150 3030 etiam
1165 2972 1249 3033 addi-

197 3079 289 3134 scunt
303 3073 450 3151 aliquid?
472 3078 508 3133 ut
526 3078 557 3133 et
578 3074 722 3158 Solonem
737 3074 880 3135 versibus
897 3074 1081 3152 gloriantem
1097 3076 1246 3153 videmus,

146 3260 290 3311 Friends.”
343 3259 445 3310 Statius
472 3259 612 3309 borrowed
640 3274 705 3322 very
741 3260 814 3323 giver
826 3261 854 3310 of
868 3261 974 3312 Athens
986 3261 1039 3312 and
1052 3276 1104 3311 oue
1116 3261 1145 3312 oi
1159 3263 1205 3312 the
1217 3277 1300 3315 seven

145 3337 230 3400 ireely
240 3336 309 3385 from
323 3335 472 3385 Menander
484 3335 609 3400 (ara-291
621 3337 702 3398 ac),
741 3337 804 3386 wisc
816 3351 878 3386 men
891 3337 919 3387 oi
934 3337 1041 3399 Greece,
1056 3337 1202 3388 flourished
1216 3341 1301 3391 about

145 3415 191 3463 the
208 3413 316 3475 leading
333 3412 423 3481 writer
439 3413 467 3461 of
484 3413 529 3461 the
547 3412 611 3461 Neu
626 3412 705 3462 Com·
741 3413 849 3463 60000,
879 3412 958 3463 Some
966 3414 1189 3478 authoritiesgive
1199 3416 1241 3466 his
1251 3429 1300 3480 age

146 3490 205 3550 edy.
713 3517 718 3531 ·
740 3502 770 3538 as
784 3489 840 3550 100;
859 3490 949 3538 others
960 3495 1009 3551 put
1020 3490 1042 3538 it
1053 3495 1081 3539 at
1093 3490 1132 3540 80.

178 3566 319 3628 Edepol.
342 3601 348 3613 .
369 3567 490 3616 ..videt
526 3564 575 3615 See
594 3563 703 3626 Supple·
773 3567 920 3616 versibus.
958 3565 1042 3615 Giuen
1063 3566 1101 3629 by
1121 3565 1250 3617 Plutarch
1270 3567 1300 3618 in

145 3647 268 3703 nientary
282 3643 372 3698 Notes‚
387 3642 464 3690 VIII.
479 3641 519 3691 25.
741 3641 781 3691 his
793 3641 840 3690 lile
850 3640 879 3689 oi
890 3641 981 3701 Solon,
990 3644 1110 3705 γηράσκω
1123 3646 1143 3693 δ’
1154 3645 1201 3692 atel
1214 3646 1300 3693 πολλὰ

179 3718 331 3768 Solenem.
369 3717 460 3777 Solon,
471 3717 517 3766 the
525 3716 632 3766 famous
640 3716 704 3766 law·
740 3718 914 3777 διδασκόμενοι

1184 3882 1193 3933 1
