2782 4162
405 277 509 342 caio
534 277 665 344 ΜᾸΙΟΒ
689 277 741 341 Da
767 277 1007 344 SENECTUTE.

71 466 73 470 ’
171 480 211 520 ex
230 471 290 540 quo
311 462 439 538 occatio,
454 481 534 540 quae
555 463 613 522 hoc
635 463 738 538 efficit,
753 462 915 523 nominata
935 469 992 538 est,
1008 464 1121 525 deinde
1142 470 1226 543 tepe-

171 567 291 627 factum
312 576 426 645 vapore
447 572 480 628 et
501 578 682 646 compressu
703 576 759 628 suo
780 567 933 629 diffundit
953 574 986 628 et
1008 569 1094 630 elicit
1118 570 1225 630 herbe-

172 678 309 732 scentem
326 690 365 731 ex
379 681 415 733 eo
430 673 633 747 viriditatem,
649 691 728 750 quae
745 683 821 733 nixa
836 673 923 734 fibris
943 674 1090 751 stirpium
1108 675 1223 736 sensim

171 777 323 838 adulescit
351 778 514 854 culmoque
544 785 647 838 erecta
678 778 855 854 geniculato
883 788 1004 857 vaginis
1037 779 1099 838 iam
1132 781 1222 858 quasi

170 883 342 959 pubescens
363 881 552 958 includitur3
582 883 755 960 exquibus
777 902 847 943 cum
872 884 1008 959 emersit,
1031 885 1138 944 fundit
1159 885 1223 944 irri-
1262 902 1275 941 s

171 1005 239 1061 gem
254 997 332 1065 spici
346 986 453 1047 ordine
469 993 620 1048 structam
635 993 666 1048 ct
681 994 790 1048 contra
804 982 909 1049 avium
926 989 1082 1048 minorum
1099 1002 1221 1052 morsos

120 1112 153 1161 52
172 1098 309 1152 munitur
324 1092 407 1153 vallo
421 1093 597 1152 aristarum.
641 1092 723 1164 Quid
743 1112 800 1169 ego
819 1094 934 1153 vitium
954 1100 1050 1170 ortos,
1067 1101 1163 1170 satos,
1178 1096 1222 1155 in·

169 1203 328 1258 crementa
341 1200 605 1258 commemorem?
647 1199 764 1259 Satiari
778 1199 982 1260 delectatione
1000 1209 1061 1259 non
1084 1219 1220 1278 possum,

169 1310 205 1362 ut
233 1321 318 1363 meae
347 1303 517 1364 senectutis
546 1303 686 1381 requiem
715 1303 1039 1384 oblectamentumque
1074 1308 1218 1367 noscatis.

167 1407 290 1469 Omitto
307 1409 391 1467 euim
406 1408 470 1467 vim
488 1409 589 1486 ipsam
610 1408 759 1484 omnium,
775 1429 854 1488 quae
876 1416 1066 1487 generantur
1084 1421 1100 1471 e
1118 1418 1219 1488 terra3
1247 1436 1272 1476 10

169 1531 249 1590 quae
263 1532 301 1572 ex
315 1513 372 1573 fici
385 1514 508 1574 tantulo
523 1522 618 1591 grano
632 1519 688 1574 aut
707 1532 745 1573 ex
764 1514 846 1574 acini
862 1524 988 1576 vinaceo
1006 1521 1060 1576 aut
1081 1536 1120 1576 ex
1142 1523 1220 1578 cete-

168 1628 272 1678 rarum
290 1621 417 1696 frugum
434 1626 489 1679 aut
507 1618 654 1698 stirpium
676 1619 898 1682 minutissimis
920 1621 1091 1682 seminibus
1113 1628 1219 1684 tantos

167 1729 295 1785 truncos
320 1733 484 1802 ramosque
511 1730 661 1802 procreet,
715 1725 865 1801 Malleoli,
890 1726 1026 1804 plantae,
1051 1733 1216 1804 sarmenta,

167 1829 363 1903 viviradices,
392 1831 577 1907 propagines
606 1839 709 1890 nonne
737 1829 884 1907 efficiunt,
912 1839 949 1891 ut
977 1842 1118 1910 quemvis
1147 1851 1218 1893 cum

167 1934 371 1994 admiratione
387 1935 571 2042 dqlgctent?
612 1935 696 1996 Vitis
717 1935 853 2014 quidem,
869 1955 948 2015 quae
970 1942 1082 1997 natura
1103 1938 1219 1999 caduca
1244 1962 1269 2002 re

167 2044 269 2113 estet,
285 2039 347 2100 nisi
367 2040 450 2099 fulta
471 2046 527 2114 est,
543 2041 645 2100 fertur
663 2041 702 2101 ad
723 2047 848 2116 terram,
863 2042 980 2117 eadem,
995 2048 1032 2102 ut
1054 2052 1086 2103 so
1107 2043 1216 2120 erigat,

166 2144 327 2204 claviculis
343 2154 408 2205 suis
428 2145 517 2222 quasi
539 2146 692 2219 manibus,
708 2146 858 2224 quicquid
880 2152 928 2208 est
949 2153 1050 2223 nacta,
1067 2149 1217 2226 complec-

165 2250 261 2326 titur3
290 2268 383 2328 quam
412 2256 587 2329 serpentem
609 2250 779 2329 multiplici
803 2251 894 2330 lapso
918 2257 950 2312 et
975 2253 1108 2328 erratico
1132 2253 1217 2315 ferro

164 2361 331 2432 amputans
357 2362 478 2415 coercet
500 2374 551 2415 ars
576 2355 790 2432 agricolarum,
813 2366 852 2416 ne
876 2357 1024 2419 silvescat
1050 2363 1215 2420 sarmentis

114 2469 149 2518 53
164 2466 196 2519 et
218 2460 251 2519 in
271 2470 373 2521 omnis
398 2466 498 2538 partis
520 2459 619 2520 nimia
642 2461 802 2521 fundatur,
855 2463 968 2541 Itaque
994 2462 1120 2523 ineunte
1142 2473 1215 2525 vere
1240 2487 1265 2529 ao

164 2565 197 2623 in
222 2575 275 2638 eis,
301 2584 381 2643 quae
409 2565 518 2625 relicta
545 2571 628 2640 sunt,
654 2566 781 2626 exsistit
807 2571 969 2644 tamquam
998 2569 1037 2628 ad
1065 2569 1214 2630 articulos

106 2731 118 2753 .
164 2676 391 2731 sarmentorum
409 2689 454 2745 ea,
469 2689 548 2748 quae
568 2688 690 2747 gemma
711 2672 870 2747 dicitur,a
890 2682 952 2750 qua
972 2673 1075 2734 oriens
1097 2685 1159 2734 uva
1181 2683 1214 2736 se

162 2776 309 2851 ostendit,
325 2795 404 2854 quae
419 2783 451 2836 et
465 2785 539 2836 sirco
552 2782 654 2837 terrae
669 2781 702 2836 et
716 2777 818 2837 calore
832 2777 907 2838 solis
926 2788 1094 2856 augescens
1112 2788 1213 2856 primo

162 2887 211 2941 est
224 2882 391 2959 peracerba
408 2888 543 2958 gustato,
559 2881 672 2942 deiude
693 2888 850 2944 maturata
867 2883 1020 2944 dulcescit
1034 2890 1213 2962 vestitaque

161 2987 317 3064 pampinis
334 3005 391 3046 nec
408 2987 528 3046 modico
549 2993 657 3066 tepore
678 2993 763 3048 caret
784 2994 817 3048 et
837 2988 950 3050 nimios
971 2989 1046 3050 solis
1068 2990 1212 3050 defendit
1238 3012 1264 3053 as

161 3092 294 3151 ardores.
338 3092 406 3162 Qua
429 3093 506 3170 quid
534 3098 639 3172 potest
666 3112 734 3155 esse
763 3112 833 3154 eum
862 3095 968 3155 fracto
995 3094 1119 3169 laetius,
1143 3102 1209 3155 tum

161 3203 288 3274 aspecto
303 3197 493 3275 pulchrius?
535 3199 633 3260 Caius
654 3198 781 3277 quidem
802 3208 865 3259 non
885 3182 1008 3261 utilitas
1029 3210 1078 3260 me
1100 3201 1210 3275 solum,

159 3308 196 3362 ut
220 3308 294 3362 ante
318 3303 391 3377 dixi,
417 3303 472 3363 sed
497 3303 593 3364 etiam
617 3305 742 3365 cultura
769 3310 800 3364 et
828 3310 941 3365 natura
967 3305 1037 3383 ipsa
1064 3305 1208 3380 delectat,

160 3407 416 3467 adminiculorum
435 3409 569 3484 ordines,
584 3409 722 3487 capitum
743 3409 870 3487 iugatio,
885 3409 1030 3487 religatio
1051 3415 1083 3471 et
1103 3418 1211 3489 propa·
1304 3407 1306 3411 ’

159 3513 244 3590 gatio
263 3513 384 3587 vitium,
401 3520 628 3574 sarmentorum
650 3534 693 3589 ea,
710 3534 804 3592 quam
825 3515 900 3590 dixi,
918 3515 1049 3575 aliorum
1071 3521 1211 3594 amputa
1235 3537 1260 3578 ec

158 3618 212 3693 tio,
224 3619 354 3679 aliorum
370 3619 529 3679 immissio.
573 3620 656 3690 Quid
670 3639 726 3697 ego
741 3621 951 3698 irrigationes,
963 3621 1041 3699 quid
1054 3621 1208 3681 fossiones

159 3734 226 3799 agri
250 3723 573 3803 repastinationesque
601 3726 768 3803 proferam,
795 3727 907 3804 quibus
933 3725 971 3786 fit
998 3726 1097 3786 multo
1124 3731 1209 3787 terra
